
@article {Alkan2011,
    title = {{Limitation of next generation genome sequence assembly}},
    year = {2011},
    journal = {Nat Methods},
    author = {Alkan C, Sajjadian S, Eichler EE},
    number = {1},
    pages = {61--65},
    volume = {8},
    doi = {10.1038/nmeth.1527.Limitations}
}

@article{Koepfli2015,
    title = {{The Genome 10K Project: A Way Forward}},
    year = {2015},
    journal = {Annual Review of Animal Biosciences},
    author = {Koepfli, Klaus-Peter and Paten, Benedict and Oâ€™Brien, Stephen J.},
    number = {1},
    pages = {57--111},
    volume = {3},
    url = {http://www.annualreviews.org/doi/10.1146/annurev-animal-090414-014900},
    isbn = {2165-8102},
    doi = {10.1146/annurev-animal-090414-014900},
    issn = {2165-8102},
    pmid = {25689317},
    keywords = {amphibian, bird, fish, genome, mammal, mammal,amphibian,reptile,bird,fish,genome, reptile}
}