@article{Smith2019a,
    title = {{A chromosome-scale assembly of the axolotl genome}},
    year = {2019},
    journal = {Genome Research},
    author = {Smith, Jeramiah J. and Timoshevskaya, Nataliya and Timoshevskiy, Vladimir A. and Keinath, Melissa C. and Hardy, Drew and Voss, S. Randal},
    number = {2},
    month = {2},
    pages = {317--324},
    volume = {29},
    publisher = {Cold Spring Harbor Laboratory Press},
    doi = {10.1101/gr.241901.118},
    issn = {15495469}
}

@article{Faraut2007,
    title = {{A comparative genome approach to marker ordering}},
    year = {2007},
    journal = {Bioinformatics},
    author = {Faraut, T. and de Givry, S. and Chabrier, P. and Derrien, T. and Galibert, F. and Hitte, C. and Schiex, T.},
    number = {2},
    month = {1},
    pages = {e50-e56},
    volume = {23},
    publisher = {Oxford University Press},
    url = {https://academic.oup.com/bioinformatics/article-lookup/doi/10.1093/bioinformatics/btl321},
    doi = {10.1093/bioinformatics/btl321},
    issn = {1367-4803}
}

@article{Rao2012,
    title = {{A duck RH panel and its potential for assisting NGS genome assembly.}},
    year = {2012},
    journal = {BMC genomics},
    author = {Rao, Man and Morisson, Mireille and Faraut, Thomas and Bardes, Suzanne and F{\`{e}}ve, Katia and Labarthe, Emmanuelle and Fillon, Valérie and Huang, Yinhua and Li, Ning and Vignal, Alain},
    number = {1},
    pages = {513},
    volume = {13},
    url = {http://bmcgenomics.biomedcentral.com/articles/10.1186/1471-2164-13-513},
    isbn = {1471-2164},
    doi = {10.1186/1471-2164-13-513},
    issn = {1471-2164},
    pmid = {23020625},
    keywords = {Animals, Cell Line, Chickens, Chickens: genetics, Cricetinae, DNA, DNA: methods, Ducks, Ducks: genetics, Female, Fibroblasts, Fibroblasts: metabolism, Genetic Markers, Genotyping Techniques, Radiation Hybrid Mapping, Radiation Hybrid Mapping: methods, Sequence Analysis}
}

@article{Huang2006,
    title = {{A Genetic and Cytogenetic Map for the Duck (Anas platyrhynchos)}},
    year = {2006},
    journal = {Genetics},
    author = {Huang, Y. and Zhao, Yonghui and Haley, Chris S and Hu, Shengqiang and Hao, Jinping and Wu, Changxin and Li, Ning},
    number = {1},
    month = {3},
    pages = {287--296},
    volume = {173},
    url = {http://www.ncbi.nlm.nih.gov/pubmed/16510785 http://www.pubmedcentral.nih.gov/articlerender.fcgi?artid=PMC1461431 http://www.genetics.org/cgi/doi/10.1534/genetics.105.053256},
    doi = {10.1534/genetics.105.053256},
    issn = {0016-6731},
    pmid = {16510785}
}

@article{VanBuren2018a,
    title = {{A near complete, chromosome-scale assembly of the black raspberry (Rubus occidentalis) genome}},
    year = {2018},
    journal = {GigaScience},
    author = {VanBuren, Robert and Wai, Ching Man and Colle, Marivi and Wang, Jie and Sullivan, Shawn and Bushakra, Jill M and Liachko, Ivan and Vining, Kelly J and Dossett, Michael and Finn, Chad E and Jibran, Rubina and Chagn{\'{e}}, David and Childs, Kevin and Edger, Patrick P and Mockler, Todd C and Bassil, Nahla V},
    number = {8},
    month = {8},
    volume = {7},
    url = {https://academic.oup.com/gigascience/article/doi/10.1093/gigascience/giy094/5069394},
    doi = {10.1093/gigascience/giy094},
    issn = {2047-217X}
}

@article{Sudmant2015,
    title = {{An integrated map of structural variation in 2,504 human genomes}},
    year = {2015},
    journal = {Nature},
    author = {Sudmant, Peter H. and Rausch, Tobias and Gardner, Eugene J. and Handsaker, Robert E. and Abyzov, Alexej and Huddleston, John and Zhang, Yan and Ye, Kai and Jun, Goo and Hsi-Yang Fritz, Markus and Konkel, Miriam K. and Malhotra, Ankit and St{\"{u}}tz, Adrian M. and Shi, Xinghua and Paolo Casale, Francesco and Chen, Jieming and Hormozdiari, Fereydoun and Dayama, Gargi and Chen, Ken and Malig, Maika and Chaisson, Mark J. P. and Walter, Klaudia and Meiers, Sascha and Kashin, Seva and Garrison, Erik and Auton, Adam and Lam, Hugo Y. K. and Jasmine Mu, Xinmeng and Alkan, Can and Antaki, Danny and Bae, Taejeong and Cerveira, Eliza and Chines, Peter and Chong, Zechen and Clarke, Laura and Dal, Elif and Ding, Li and Emery, Sarah and Fan, Xian and Gujral, Madhusudan and Kahveci, Fatma and Kidd, Jeffrey M. and Kong, Yu and Lameijer, Eric-Wubbo and McCarthy, Shane and Flicek, Paul and Gibbs, Richard A. and Marth, Gabor and Mason, Christopher E. and Menelaou, Androniki and Muzny, Donna M. and Nelson, Bradley J. and Noor, Amina and Parrish, Nicholas F. and Pendleton, Matthew and Quitadamo, Andrew and Raeder, Benjamin and Schadt, Eric E. and Romanovitch, Mallory and Schlattl, Andreas and Sebra, Robert and Shabalin, Andrey A. and Untergasser, Andreas and Walker, Jerilyn A. and Wang, Min and Yu, Fuli and Zhang, Chengsheng and Zhang, Jing and Zheng-Bradley, Xiangqun and Zhou, Wanding and Zichner, Thomas and Sebat, Jonathan and Batzer, Mark A. and McCarroll, Steven A. and Mills, Ryan E. and Gerstein, Mark B. and Bashir, Ali and Stegle, Oliver and Devine, Scott E. and Lee, Charles and Eichler, Evan E. and Korbel, Jan O.},
    number = {7571},
    pages = {75--81},
    volume = {526},
    url = {http://www.nature.com/doifinder/10.1038/nature15394},
    isbn = {9781137332875},
    doi = {10.1038/nature15394},
    issn = {0028-0836},
    pmid = {26432246},
    arxivId = {NIHMS150003}
}

@article{Groenen2012,
    title = {{Analyses of pig genomes provide insight into porcine demography and evolution}},
    year = {2012},
    journal = {Nature},
    author = {Groenen, Martien a. M. and Archibald, Alan L. and Uenishi, Hirohide and Tuggle, Christopher K. and Takeuchi, Yasuhiro and Rothschild, Max F. and Rogel-Gaillard, Claire and Park, Chankyu and Milan, Denis and Megens, Hendrik-Jan and Li, Shengting and Larkin, Denis M. and Kim, Heebal and Frantz, Laurent a. F. and Caccamo, Mario and Ahn, Hyeonju and Aken, Bronwen L. and Anselmo, Anna and Anthon, Christian and Auvil, Loretta and Badaoui, Bouabid and Beattie, Craig W. and Bendixen, Christian and Berman, Daniel and Blecha, Frank and Blomberg, Jonas and Bolund, Lars and Bosse, Mirte and Botti, Sara and Bujie, Zhan and Bystrom, Megan and Capitanu, Boris and Carvalho-Silva, Denise and Chardon, Patrick and Chen, Celine and Cheng, Ryan and Choi, Sang-Haeng and Chow, William and Clark, Richard C. and Clee, Christopher and Crooijmans, Richard P. M. a. and Dawson, Harry D. and Dehais, Patrice and De Sapio, Fioravante and Dibbits, Bert and Drou, Nizar and Du, Zhi-Qiang and Eversole, Kellye and Fadista, João and Fairley, Susan and Faraut, Thomas and Faulkner, Geoffrey J. and Fowler, Katie E. and Fredholm, Merete and Fritz, Eric and Gilbert, James G. R. and Giuffra, Elisabetta and Gorodkin, Jan and Griffin, Darren K. and Harrow, Jennifer L. and Hayward, Alexander and Howe, Kerstin and Hu, Zhi-Liang and Humphray, Sean J. and Hunt, Toby and Hornsh{\o}j, Henrik and Jeon, Jin-Tae and Jern, Patric and Jones, Matthew and Jurka, Jerzy and Kanamori, Hiroyuki and Kapetanovic, Ronan and Kim, Jaebum and Kim, Jae-Hwan and Kim, Kyu-Won and Kim, Tae-Hun and Larson, Greger and Lee, Kyooyeol and Lee, Kyung-Tai and Leggett, Richard and Lewin, Harris a. and Li, Yingrui and Liu, Wansheng and Loveland, Jane E. and Lu, Yao and Lunney, Joan K. and Ma, Jian and Madsen, Ole and Mann, Katherine and Matthews, Lucy and McLaren, Stuart and Morozumi, Takeya and Murtaugh, Michael P. and Narayan, Jitendra and Truong Nguyen, Dinh and Ni, Peixiang and Oh, Song-Jung and Onteru, Suneel and Panitz, Frank and Park, Eung-Woo and Park, Hong-Seog and Pascal, Geraldine and Paudel, Yogesh and Perez-Enciso, Miguel and Ramirez-Gonzalez, Ricardo and Reecy, James M. and Rodriguez-Zas, Sandra and Rohrer, Gary a. and Rund, Lauretta and Sang, Yongming and Schachtschneider, Kyle and Schraiber, Joshua G. and Schwartz, John and Scobie, Linda and Scott, Carol and Searle, Stephen and Servin, Bertrand and Southey, Bruce R. and Sperber, Goran and Stadler, Peter and Sweedler, Jonathan V. and Tafer, Hakim and Thomsen, Bo and Wali, Rashmi and Wang, Jian and Wang, Jun and White, Simon and Xu, Xun and Yerle, Martine and Zhang, Guojie and Zhang, Jianguo and Zhang, Jie and Zhao, Shuhong and Rogers, Jane and Churcher, Carol and Schook, Lawrence B.},
    number = {7424},
    month = {11},
    pages = {393--398},
    volume = {491},
    publisher = {Nature Publishing Group},
    url = {http://www.nature.com/doifinder/10.1038/nature11622},
    doi = {10.1038/nature11622},
    issn = {0028-0836}
}

@article{Bradnam2013,
    title = {{Assemblathon 2: evaluating de novo methods of genome assembly in three vertebrate species}},
    year = {2013},
    journal = {GigaScience},
    author = {Bradnam, Keith R and Fass, Joseph N and Alexandrov, Anton and Baranay, Paul and Bechner, Michael and Birol, Inanç and Boisvert, Sébastien and Chapman, Jarrod A and Chapuis, Guillaume and Chikhi, Rayan and Chitsaz, Hamidreza and Chou, Wen-Chi and Corbeil, Jacques and Del Fabbro, Cristian and Docking, T Roderick and Durbin, Richard and Earl, Dent and Emrich, Scott and Fedotov, Pavel and Fonseca, Nuno A and Ganapathy, Ganeshkumar and Gibbs, Richard A and Gnerre, Sante and Godzaridis, Élénie and Goldstein, Steve and Haimel, Matthias and Hall, Giles and Haussler, David and Hiatt, Joseph B and Ho, Isaac Y and Howard, Jason and Hunt, Martin and Jackman, Shaun D and Jaffe, David B and Jarvis, Erich D and Jiang, Huaiyang and Kazakov, Sergey and Kersey, Paul J and Kitzman, Jacob O and Knight, James R and Koren, Sergey and Lam, Tak-Wah and Lavenier, Dominique and Laviolette, François and Li, Yingrui and Li, Zhenyu and Liu, Binghang and Liu, Yue and Luo, Ruibang and MacCallum, Iain and MacManes, Matthew D and Maillet, Nicolas and Melnikov, Sergey and Naquin, Delphine and Ning, Zemin and Otto, Thomas D and Paten, Benedict and Paulo, Octávio S and Phillippy, Adam M and Pina-Martins, Francisco and Place, Michael and Przybylski, Dariusz and Qin, Xiang and Qu, Carson and Ribeiro, Filipe J and Richards, Stephen and Rokhsar, Daniel S and Ruby, J Graham and Scalabrin, Simone and Schatz, Michael C and Schwartz, David C and Sergushichev, Alexey and Sharpe, Ted and Shaw, Timothy I and Shendure, Jay and Shi, Yujian and Simpson, Jared T and Song, Henry and Tsarev, Fedor and Vezzi, Francesco and Vicedomini, Riccardo and Vieira, Bruno M and Wang, Jun and Worley, Kim C and Yin, Shuangye and Yiu, Siu-Ming and Yuan, Jianying and Zhang, Guojie and Zhang, Hao and Zhou, Shiguo and Korf, Ian F},
    number = {1},
    month = {12},
    pages = {10},
    volume = {2},
    url = {http://www.ncbi.nlm.nih.gov/pubmed/23870653 http://www.pubmedcentral.nih.gov/articlerender.fcgi?artid=PMC3844414 https://academic.oup.com/gigascience/article-lookup/doi/10.1186/2047-217X-2-10},
    doi = {10.1186/2047-217X-2-10},
    issn = {2047-217X},
    pmid = {23870653}
}

@article{Berlin2015,
    title = {{Assembling large genomes with single-molecule sequencing and locality-sensitive hashing}},
    year = {2015},
    journal = {Nature Biotechnology},
    author = {Berlin, Konstantin and Koren, Sergey and Chin, Chen-Shan and Drake, James P and Landolin, Jane M and Phillippy, Adam M},
    number = {6},
    pages = {623--630},
    volume = {33},
    url = {http://www.nature.com/doifinder/10.1038/nbt.3238},
    isbn = {1087-0156},
    doi = {10.1038/nbt.3238},
    issn = {1087-0156},
    pmid = {26006009},
    arxivId = {arXiv:1310.0883v1}
}

@misc{Sherman2019a,
    title = {{Assembly of a pan-genome from deep sequencing of 910 humans of African descent}},
    year = {2019},
    booktitle = {Nature Genetics},
    author = {Sherman, Rachel M. and Forman, Juliet and Antonescu, Valentin and Puiu, Daniela and Daya, Michelle and Rafaels, Nicholas and Boorgula, Meher Preethi and Chavan, Sameer and Vergara, Candelaria and Ortega, Victor E. and Levin, Albert M. and Eng, Celeste and Yazdanbakhsh, Maria and Wilson, James G. and Marrugo, Javier and Lange, Leslie A. and Williams, L. Keoki and Watson, Harold and Ware, Lorraine B. and Olopade, Christopher O. and Olopade, Olufunmilayo and Oliveira, Ricardo R. and Ober, Carole and Nicolae, Dan L. and Meyers, Deborah A. and Mayorga, Alvaro and Knight-Madden, Jennifer and Hartert, Tina and Hansel, Nadia N. and Foreman, Marilyn G. and Ford, Jean G. and Faruque, Mezbah U. and Dunston, Georgia M. and Caraballo, Luis and Burchard, Esteban G. and Bleecker, Eugene R. and Araujo, Maria I. and Herrera-Paz, Edwin F. and Campbell, Monica and Foster, Cassandra and Taub, Margaret A. and Beaty, Terri H. and Ruczinski, Ingo and Mathias, Rasika A. and Barnes, Kathleen C. and Salzberg, Steven L.},
    number = {1},
    month = {1},
    pages = {30--35},
    volume = {51},
    publisher = {Nature Publishing Group},
    doi = {10.1038/s41588-018-0273-y},
    issn = {15461718},
    pmid = {30455414}
}

@article{Gnerre2009a,
    title = {{Assisted assembly: How to improve a de novo genome assembly by using related species}},
    year = {2009},
    journal = {Genome Biology},
    author = {Gnerre, Sante and Lander, Eric S. and Lindblad-Toh, Kerstin and Jaffe, David B.},
    number = {8},
    month = {8},
    volume = {10},
    doi = {10.1186/gb-2009-10-8-r88},
    issn = {14747596}
}

@article{Zhang2016a,
    title = {{Building two indica rice reference genomes with PacBio long-read and Illumina paired-end sequencing data}},
    year = {2016},
    journal = {Scientific Data},
    author = {Zhang, Jianwei and Chen, Ling-Ling and Sun, Shuai and Kudrna, Dave and Copetti, Dario and Li, Weiming and Mu, Ting and Jiao, Wen-Biao and Xing, Feng and Lee, Seunghee and Talag, Jayson and Song, Jia-Ming and Du, Bogu and Xie, Weibo and Luo, Meizhong and Maldonado, Carlos Ernesto and Goicoechea, Jose Luis and Xiong, Lizhong and Wu, Changyin and Xing, Yongzhong and Zhou, Dao-xiu and Yu, Sibin and Zhao, Yu and Wang, Gongwei and Yu, Yeisoo and Luo, Yijie and Hurtado, Beatriz Elena Padilla and Danowitz, Ann and Wing, Rod A. and Zhang, Qifa},
    pages = {160076},
    volume = {3},
    publisher = {The Author(s)},
    url = {http://www.nature.com/articles/sdata201676},
    doi = {10.1038/sdata.2016.76},
    issn = {2052-4463},
    pmid = {27622467}
}

@article{DeGivry2005,
    title = {{CARHTA GENE: multipopulation integrated genetic and radiation hybrid mapping}},
    year = {2005},
    journal = {Bioinformatics},
    author = {de Givry, S. and Bouchez, M. and Chabrier, P. and Milan, D. and Schiex, T.},
    number = {8},
    month = {4},
    pages = {1703--1704},
    volume = {21},
    publisher = {Oxford University Press},
    url = {https://academic.oup.com/bioinformatics/article-lookup/doi/10.1093/bioinformatics/bti222},
    doi = {10.1093/bioinformatics/bti222},
    issn = {1367-4803}
}

@article{Kolmogorov2018a,
    title = {{Chromosome assembly of large and complex genomes using multiple references}},
    year = {2018},
    journal = {Genome Research},
    author = {Kolmogorov, Mikhail and Armstrong, Joel and Raney, Brian J. and Streeter, Ian and Dunn, Matthew and Yang, Fengtang and Odom, Duncan and Flicek, Paul and Keane, Thomas M. and Thybert, David and Paten, Benedict and Pham, Son},
    number = {11},
    month = {11},
    pages = {1720--1732},
    volume = {28},
    publisher = {Cold Spring Harbor Laboratory Press},
    doi = {10.1101/gr.236273.118},
    issn = {15495469},
    pmid = {30341161}
}

@article{Belser2018a,
    title = {{Chromosome-scale assemblies of plant genomes using nanopore long reads and optical maps}},
    year = {2018},
    journal = {Nature Plants},
    author = {Belser, Caroline and Istace, Benjamin and Denis, Erwan and Dubarry, Marion and Baurens, Franc-Christophe and Falentin, Cyril and Genete, Mathieu and Berrabah, Wahiba and Ch{\`{e}}vre, Anne-Marie and Delourme, Régine and Deniot, Gwenaëlle and Denoeud, France and Duff{\'{e}}, Philippe and Engelen, Stefan and Lemainque, Arnaud and Manzanares-Dauleux, Maria and Martin, Guillaume and Morice, Jérôme and Noel, Benjamin and Vekemans, Xavier and D’Hont, Angélique and Rousseau-Gueutin, Mathieu and Barbe, Valérie and Cruaud, Corinne and Wincker, Patrick and Aury, Jean-Marc},
    number = {11},
    month = {11},
    pages = {879--887},
    volume = {4},
    publisher = {Nature Publishing Group},
    url = {http://www.nature.com/articles/s41477-018-0289-4},
    doi = {10.1038/s41477-018-0289-4},
    issn = {2055-0278},
    keywords = {Agriculture, Bioinformatics, Genomic analysis, Sequencing}
}

@article{Burton2013,
    title = {{Chromosome-scale scaffolding of de novo genome assemblies based on chromatin interactions.}},
    year = {2013},
    journal = {Nature biotechnology},
    author = {Burton, Joshua N and Adey, Andrew and Patwardhan, Rupali P and Qiu, Ruolan and Kitzman, Jacob O and Shendure, Jay},
    number = {12},
    month = {12},
    pages = {1119--25},
    volume = {31},
    publisher = {Nature Publishing Group},
    url = {http://www.ncbi.nlm.nih.gov/pubmed/24185095},
    doi = {10.1038/nbt.2727},
    issn = {1546-1696},
    pmid = {24185095}
}

@article{Jibran2018a,
    title = {{Chromosome-scale scaffolding of the black raspberry (Rubus occidentalis L.) genome based on chromatin interaction data}},
    year = {2018},
    journal = {Horticulture Research},
    author = {Jibran, Rubina and Dzierzon, Helge and Bassil, Nahla and Bushakra, Jill M. and Edger, Patrick P. and Sullivan, Shawn and Finn, Chad E. and Dossett, Michael and Vining, Kelly J. and Vanburen, Robert and Mockler, Todd C. and Liachko, Ivan and Davies, Kevin M. and Foster, Toshi M. and Chagn{\'{e}}, David},
    number = {1},
    month = {12},
    volume = {5},
    publisher = {Nature Publishing Group},
    doi = {10.1038/s41438-017-0013-y},
    issn = {20527276}
}

@article{Putnam2016,
    title = {{Chromosome-scale shotgun assembly using an in vitro method for long-range linkage.}},
    year = {2016},
    journal = {Genome research},
    author = {Putnam, Nicholas H and O'Connell, Brendan L and Stites, Jonathan C and Rice, Brandon J and Blanchette, Marco and Calef, Robert and Troll, Christopher J and Fields, Andrew and Hartley, Paul D and Sugnet, Charles W and Haussler, David and Rokhsar, Daniel S and Green, Richard E},
    number = {3},
    month = {3},
    pages = {342--50},
    volume = {26},
    publisher = {Cold Spring Harbor Laboratory Press},
    url = {http://www.ncbi.nlm.nih.gov/pubmed/26848124 http://www.pubmedcentral.nih.gov/articlerender.fcgi?artid=PMC4772016},
    doi = {10.1101/gr.193474.115},
    issn = {1549-5469},
    pmid = {26848124}
}

@article{Olshen2004,
    title = {{Circular binary segmentation for the analysis of array-based DNA copy number data}},
    year = {2004},
    journal = {Biostatistics},
    author = {Olshen, Adam B. and Venkatraman, E. S. and Lucito, Robert and Wigler, Michael},
    number = {4},
    pages = {557--572},
    volume = {5},
    isbn = {1465-4644 (Print)},
    doi = {10.1093/biostatistics/kxh008},
    issn = {14654644},
    pmid = {15475419},
    keywords = {Array CGH, Binary segmentation, Change-point, ROMA}
}

@article{Skinner2009,
    title = {{Comparative genomics in chicken and Pekin duck using FISH mapping and microarray analysis.}},
    year = {2009},
    journal = {BMC genomics},
    author = {Skinner, Benjamin M and Robertson, Lindsay B W and Tempest, Helen G and Langley, Elizabeth J and Ioannou, Dimitris and Fowler, Katie E and Crooijmans, Richard P M A and Hall, Anthony D and Griffin, Darren K and V{\"{o}}lker, Martin},
    month = {8},
    pages = {357},
    volume = {10},
    publisher = {BioMed Central},
    url = {http://www.ncbi.nlm.nih.gov/pubmed/19656363 http://www.pubmedcentral.nih.gov/articlerender.fcgi?artid=PMC2907691},
    doi = {10.1186/1471-2164-10-357},
    issn = {1471-2164},
    pmid = {19656363}
}

@article{Zhang2014,
    title = {{Comparative genomics reveals insights into avian genome evolution and adaptation.}},
    year = {2014},
    journal = {Science (New York, N.Y.)},
    author = {Zhang, Guojie and Li, Cai and Li, Qiye and Li, Bo and Larkin, Denis M and Lee, Chul and Storz, Jay F and Antunes, Agostinho and Greenwold, Matthew J and Meredith, Robert W and {\"{O}}deen, Anders and Cui, Jie and Zhou, Qi and Xu, Luohao and Pan, Hailin and Wang, Zongji and Jin, Lijun and Zhang, Pei and Hu, Haofu and Yang, Wei and Hu, Jiang and Xiao, Jin and Yang, Zhikai and Liu, Yang and Xie, Qiaolin and Yu, Hao and Lian, Jinmin and Wen, Ping and Zhang, Fang and Li, Hui and Zeng, Yongli and Xiong, Zijun and Liu, Shiping and Zhou, Long and Huang, Zhiyong and An, Na and Wang, Jie and Zheng, Qiumei and Xiong, Yingqi and Wang, Guangbiao and Wang, Bo and Wang, Jingjing and Fan, Yu and da Fonseca, Rute R and Alfaro-N{\'{u}}{\~{n}}ez, Alonzo and Schubert, Mikkel and Orlando, Ludovic and Mourier, Tobias and Howard, Jason T and Ganapathy, Ganeshkumar and Pfenning, Andreas and Whitney, Osceola and Rivas, Miriam V and Hara, Erina and Smith, Julia and Farr{\'{e}}, Marta and Narayan, Jitendra and Slavov, Gancho and Romanov, Michael N and Borges, Rui and Machado, João Paulo and Khan, Imran and Springer, Mark S and Gatesy, John and Hoffmann, Federico G and Opazo, Juan C and H{\aa}stad, Olle and Sawyer, Roger H and Kim, Heebal and Kim, Kyu-Won and Kim, Hyeon Jeong and Cho, Seoae and Li, Ning and Huang, Yinhua and Bruford, Michael W and Zhan, Xiangjiang and Dixon, Andrew and Bertelsen, Mads F and Derryberry, Elizabeth and Warren, Wesley and Wilson, Richard K and Li, Shengbin and Ray, David A and Green, Richard E and O'Brien, Stephen J and Griffin, Darren and Johnson, Warren E and Haussler, David and Ryder, Oliver A and Willerslev, Eske and Graves, Gary R and Alstr{\"{o}}m, Per and Fjelds{\aa}, Jon and Mindell, David P and Edwards, Scott V and Braun, Edward L and Rahbek, Carsten and Burt, David W and Houde, Peter and Zhang, Yong and Yang, Huanming and Wang, Jian and Avian Genome Consortium, Avian Genome and Jarvis, Erich D and Gilbert, M Thomas P and Wang, Jun},
    number = {6215},
    month = {12},
    pages = {1311--20},
    volume = {346},
    publisher = {American Association for the Advancement of Science},
    url = {http://www.ncbi.nlm.nih.gov/pubmed/25504712 http://www.pubmedcentral.nih.gov/articlerender.fcgi?artid=PMC4390078},
    doi = {10.1126/science.1251385},
    issn = {1095-9203},
    pmid = {25504712}
}

@article{Li2012,
    title = {{Comparison of the two major classes of assembly algorithms: overlap-layout-consensus and de-bruijn-graph}},
    year = {2012},
    journal = {Briefings in Functional Genomics},
    author = {Li, Z. and Chen, Y. and Mu, D. and Yuan, J. and Shi, Y. and Zhang, H. and Gan, J. and Li, N. and Hu, X. and Liu, B. and Yang, B. and Fan, W.},
    number = {1},
    month = {1},
    pages = {25--37},
    volume = {11},
    publisher = {Oxford University Press},
    url = {https://academic.oup.com/bfg/article-lookup/doi/10.1093/bfgp/elr035},
    doi = {10.1093/bfgp/elr035},
    issn = {2041-2649}
}

@article{Wojcik2017,
    title = {{Constitutive heterochromatin in chromosomes of duck hybrids and goose hybrids}},
    year = {2017},
    journal = {Poultry Science},
    author = {W{\'{o}}jcik, E. and Smalec, E.},
    number = {1},
    pages = {18--26},
    volume = {96},
    publisher = {Oxford University Press},
    doi = {10.3382/ps/pew318},
    issn = {15253171},
    keywords = {C-band, Chromosome, Constitutive heterochromatin, Duck hybrid, Goose hybrid}
}

@article{Zimmer1997,
    title = {{Construction and characterization of a large-fragment chicken bacterial artificial chromosome library.}},
    year = {1997},
    journal = {Genomics},
    author = {Zimmer, R and Verrinder Gibbins, A M},
    number = {2},
    month = {6},
    pages = {217--26},
    volume = {42},
    url = {http://www.ncbi.nlm.nih.gov/pubmed/9192841},
    issn = {0888-7543},
    pmid = {9192841}
}

@article{Faraut2009,
    title = {{Contribution of radiation hybrids to genome mapping in domestic animals.}},
    year = {2009},
    journal = {Cytogenetic and genome research},
    author = {Faraut, T and de Givry, S and Hitte, C and Lahbib-Mansais, Y and Morisson, M and Milan, D and Schiex, T and Servin, B and Vignal, A and Galibert, F and Yerle, M},
    number = {1-2},
    month = {1},
    pages = {21--33},
    volume = {126},
    url = {http://www.ncbi.nlm.nih.gov/pubmed/20016154},
    doi = {10.1159/000245904},
    issn = {1424-859X},
    pmid = {20016154},
    keywords = {Animals, Chromosome Mapping, Domestic, Domestic: genetics, Genetic Markers, Genome, Genotype, Hybrid Cells, Hybrid Cells: radiation effects}
}

@article{Volker2010,
    title = {{Copy number variation, chromosome rearrangement, and their association with recombination during avian evolution}},
    year = {2010},
    journal = {Genome Research},
    author = {V{\"{o}}lker, Martin and Backstr{\"{o}}m, Niclas and Skinner, Benjamin M. and Langley, Elizabeth J. and Bunzey, Sydney K. and Ellegren, Hans and Griffin, Darren K.},
    number = {4},
    pages = {503--511},
    volume = {20},
    isbn = {1549-5469 (Electronic){\textbackslash}n1088-9051 (Linking)},
    doi = {10.1101/gr.103663.109},
    issn = {10889051},
    pmid = {20357050}
}

@article{Gusnanto2012,
    title = {{Correcting for cancer genome size and tumour cell content enables better estimation of copy number alterations from next-generation sequence data}},
    year = {2012},
    journal = {Bioinformatics},
    author = {Gusnanto, Arief and Wood, Henry M. and Pawitan, Yudi and Rabbitts, Pamela and Berri, Stefano},
    number = {1},
    pages = {40--47},
    volume = {28},
    isbn = {1367-4811 (Linking)},
    doi = {10.1093/bioinformatics/btr593},
    issn = {13674803},
    pmid = {22039209}
}

@article{Cao2015,
    title = {{De novo assembly of a haplotype-resolved human genome}},
    year = {2015},
    journal = {Nature Biotechnology},
    author = {Cao, Hongzhi and Wu, Honglong and Luo, Ruibang and Huang, Shujia and Sun, Yuhui and Tong, Xin and Xie, Yinlong and Liu, Binghang and Yang, Hailong and Zheng, Hancheng and Li, Jian and Li, Bo and Wang, Yu and Yang, Fang and Sun, Peng and Liu, Siyang and Gao, Peng and Huang, Haodong and Sun, Jing and Chen, Dan and He, Guangzhu and Huang, Weihua and Huang, Zheng and Li, Yue and Tellier, Laurent C A M and Liu, Xiao and Feng, Qiang and Xu, Xun and Zhang, Xiuqing and Bolund, Lars and Krogh, Anders and Kristiansen, Karsten and Drmanac, Radoje and Drmanac, Snezana and Nielsen, Rasmus and Li, Songgang and Wang, Jian and Yang, Huanming and Li, Yingrui and Wong, Gane Ka-Shu and Wang, Jun},
    number = {6},
    month = {5},
    pages = {617--622},
    volume = {33},
    publisher = {Nature Research},
    url = {http://www.nature.com/doifinder/10.1038/nbt.3200},
    doi = {10.1038/nbt.3200},
    issn = {1087-0156}
}

@article{Dudchenko2017,
    title = {{De novo assembly of the Aedes aegypti genome using Hi-C yields chromosome-length scaffolds}},
    year = {2017},
    journal = {Science},
    author = {Dudchenko, Olga and Batra, Sanjit S. and Omer, Arina D. and Nyquist, Sarah K. and Hoeger, Marie and Durand, Neva C. and Shamim, Muhammad S. and Machol, Ido and Lander, Eric S. and Aiden, Aviva Presser and Aiden, Erez Lieberman},
    number = {6333},
    month = {4},
    pages = {92--95},
    volume = {356},
    publisher = {American Association for the Advancement of Science},
    doi = {10.1126/science.aal3327},
    issn = {10959203}
}

@article{Baker2012,
    title = {{De novo genome assembly: what every biologist should know}},
    year = {2012},
    journal = {nature methods},
    author = {Baker, Monya},
    number = {4},
    volume = {9},
    url = {https://www.nature.com/nmeth/journal/v9/n4/pdf/nmeth.1935.pdf},
    doi = {10.1038/nmeth.1935}
}

@article{Clarke2005,
    title = {{Definitive fossil evidence for the extant avian radiation in the Cretaceous}},
    year = {2005},
    journal = {Nature},
    author = {Clarke, Julia A. and Tambussi, Claudia P. and Noriega, Jorge I. and Erickson, Gregory M. and Ketcham, Richard A.},
    number = {7023},
    month = {1},
    pages = {305--308},
    volume = {433},
    publisher = {Nature Publishing Group},
    url = {http://www.nature.com/doifinder/10.1038/nature03150},
    doi = {10.1038/nature03150},
    issn = {0028-0836}
}

@article{Lewin2018,
    title = {{Earth BioGenome Project: Sequencing life for the future of life}},
    year = {2018},
    journal = {Proceedings of the National Academy of Sciences},
    author = {Lewin, Harris A. and Robinson, Gene E. and Kress, W. John and Baker, William J. and Coddington, Jonathan and Crandall, Keith A. and Durbin, Richard and Edwards, Scott V. and Forest, Félix and Gilbert, M. Thomas P. and Goldstein, Melissa M. and Grigoriev, Igor V. and Hackett, Kevin J. and Haussler, David and Jarvis, Erich D. and Johnson, Warren E. and Patrinos, Aristides and Richards, Stephen and Castilla-Rubio, Juan Carlos and Sluys, Marie-Anne van and Soltis, Pamela S. and Xu, Xun and Yang, Huanming and Zhang, Guojie},
    number = {17},
    month = {4},
    pages = {4325--4333},
    volume = {115},
    publisher = {National Academy of Sciences},
    url = {https://www.pnas.org/content/115/17/4325},
    doi = {10.1073/PNAS.1720115115},
    issn = {0027-8424},
    pmid = {29686065}
}

@article{Kajitani2014,
    title = {{Efficient de novo assembly of highly heterozygous genomes from whole-genome shotgun short reads}},
    year = {2014},
    journal = {Genome Research},
    author = {Kajitani, Rei and Toshimoto, Kouta and Noguchi, Hideki and Toyoda, Atsushi and Ogura, Yoshitoshi and Okuno, Miki and Yabana, Mitsuru and Harada, Masayuki and Nagayasu, Eiji and Maruyama, Haruhiko and Kohara, Yuji and Fujiyama, Asao and Hayashi, Tetsuya and Itoh, Takehiko},
    number = {8},
    pages = {1384--1395},
    volume = {24},
    isbn = {1549-5469 (Electronic){\textbackslash}r1088-9051 (Linking)},
    doi = {10.1101/gr.170720.113},
    issn = {15495469},
    pmid = {24755901}
}

@article{Lewin2009,
    title = {{Every genome sequence needs a good map.}},
    year = {2009},
    journal = {Genome research},
    author = {Lewin, Harris A and Larkin, Denis M and Pontius, Joan and O'Brien, Stephen J},
    number = {11},
    month = {11},
    pages = {1925--8},
    volume = {19},
    publisher = {Cold Spring Harbor Laboratory Press},
    url = {http://www.ncbi.nlm.nih.gov/pubmed/19596977 http://www.pubmedcentral.nih.gov/articlerender.fcgi?artid=PMC2775595},
    doi = {10.1101/gr.094557.109},
    issn = {1549-5469},
    pmid = {19596977}
}

@article{Hrabia2008,
    title = {{Expression of alpha and beta estrogen receptors in the chicken ovary.}},
    year = {2008},
    journal = {Folia biologica},
    author = {Hrabia, Anna and Wilk, Mieszko and Rzasa, Janusz},
    number = {3-4},
    pages = {187--91},
    volume = {56},
    url = {http://www.ncbi.nlm.nih.gov/pubmed/19055045},
    isbn = {6007665801},
    doi = {10.3409/fb.56},
    issn = {0015-5497},
    pmid = {19055045},
    keywords = {Animals, Chickens, Chickens: metabolism, DNA Primers, DNA Primers: genetics, Estrogen Receptor alpha, Estrogen Receptor alpha: metabolism, Estrogen Receptor beta, Estrogen Receptor beta: metabolism, Female, Messenger, Messenger: metabolism, Ovary, Ovary: metabolism, RNA, Reverse Transcriptase Polymerase Chain Reaction}
}

@article{Gordon2017a,
    title = {{Extensive gene content variation in the Brachypodium distachyon pan-genome correlates with population structure}},
    year = {2017},
    journal = {Nature Communications},
    author = {Gordon, Sean P. and Contreras-Moreira, Bruno and Woods, Daniel P. and Des Marais, David L. and Burgess, Diane and Shu, Shengqiang and Stritt, Christoph and Roulin, Anne C. and Schackwitz, Wendy and Tyler, Ludmila and Martin, Joel and Lipzen, Anna and Dochy, Niklas and Phillips, Jeremy and Barry, Kerrie and Geuten, Koen and Budak, Hikmet and Juenger, Thomas E. and Amasino, Richard and Caicedo, Ana L. and Goodstein, David and Davidson, Patrick and Mur, Luis A.J. and Figueroa, Melania and Freeling, Michael and Catalan, Pilar and Vogel, John P.},
    number = {1},
    month = {12},
    volume = {8},
    publisher = {Nature Publishing Group},
    doi = {10.1038/s41467-017-02292-8},
    issn = {20411723}
}

@article{Li2010,
    title = {{Fast and accurate long-read alignment with Burrows–Wheeler transform}},
    year = {2010},
    journal = {Bioinformatics},
    author = {Li, Heng and Durbin, Richard},
    number = {5},
    month = {3},
    pages = {589--595},
    volume = {26},
    url = {https://academic.oup.com/bioinformatics/article-lookup/doi/10.1093/bioinformatics/btp698},
    doi = {10.1093/bioinformatics/btp698},
    issn = {1460-2059}
}

@article{Fillon2007,
    title = {{FISH mapping of 57 BAC clones reveals strong conservation of synteny between Galliformes and Anseriformes}},
    year = {2007},
    journal = {Animal Genetics},
    author = {Fillon, V. and Vignoles, M. and Crooijmans, R. P. M. A. and Groenen, M. A. M. and Zoorob, R. and Vignal, A.},
    number = {3},
    month = {6},
    pages = {303--307},
    volume = {38},
    url = {http://www.ncbi.nlm.nih.gov/pubmed/17539975 http://doi.wiley.com/10.1111/j.1365-2052.2007.01578.x},
    doi = {10.1111/j.1365-2052.2007.01578.x},
    issn = {0268-9146},
    pmid = {17539975}
}

@article{Jiang2014b,
    title = {{Generation of physical map contig-specific sequences}},
    year = {2014},
    journal = {Frontiers in Genetics},
    author = {Jiang, Yanliang and Xu, Peng and Liu, Zhanjiang},
    number = {JUL},
    pages = {1--6},
    volume = {5},
    doi = {10.3389/fgene.2014.00243},
    issn = {16648021},
    pmid = {25101119},
    keywords = {Assembly, BAC end sequences, Physical map contig-specific sequences, Scaffolding, Whole genome sequencing}
}

@article{Zhang2016,
    title = {{Genome puzzle master (GPM): an integrated pipeline for building and editing pseudomolecules from fragmented sequences}},
    year = {2016},
    journal = {Bioinformatics},
    author = {Zhang, Jianwei and Kudrna, Dave and Mu, Ting and Li, Weiming and Copetti, Dario and Yu, Yeisoo and Goicoechea, Jose Luis and Lei, Yang and Wing, Rod A.},
    number = {20},
    month = {10},
    pages = {3058--3064},
    volume = {32},
    publisher = {Oxford University Press},
    url = {https://academic.oup.com/bioinformatics/article-lookup/doi/10.1093/bioinformatics/btw370},
    doi = {10.1093/bioinformatics/btw370},
    issn = {1367-4803}
}

@article{Gibbs2004,
    title = {{Genome sequence of the Brown Norway rat yields insights into mammalian evolution}},
    year = {2004},
    journal = {Nature},
    author = {Gibbs, Richard A. and Weinstock, George M. and Metzker, Michael L. and Muzny, Donna M. and Sodergren, Erica J. and Scherer, Steven and Scott, Graham and Steffen, David and Worley, Kim C. and Burch, Paula E. and Okwuonu, Geoffrey and Hines, Sandra and Lewis, Lora and DeRamo, Christine and Delgado, Oliver and Dugan-Rocha, Shannon and Miner, George and Morgan, Margaret and Hawes, Alicia and Gill, Rachel and {Celera} and Holt, Robert A. and Adams, Mark D. and Amanatides, Peter G. and Baden-Tillson, Holly and Barnstead, Mary and Chin, Soo and Evans, Cheryl A. and Ferriera, Steve and Fosler, Carl and Glodek, Anna and Gu, Zhiping and Jennings, Don and Kraft, Cheryl L. and Nguyen, Trixie and Pfannkoch, Cynthia M. and Sitter, Cynthia and Sutton, Granger G. and Venter, J. Craig and Woodage, Trevor and Smith, Douglas and Lee, Hong-Mei and Gustafson, Erik and Cahill, Patrick and Kana, Arnold and Doucette-Stamm, Lynn and Weinstock, Keith and Fechtel, Kim and Weiss, Robert B. and Dunn, Diane M. and Green, Eric D. and Blakesley, Robert W. and Bouffard, Gerard G. and de Jong, Pieter J. and Osoegawa, Kazutoyo and Zhu, Baoli and Marra, Marco and Schein, Jacqueline and Bosdet, Ian and Fjell, Chris and Jones, Steven and Krzywinski, Martin and Mathewson, Carrie and Siddiqui, Asim and Wye, Natasja and McPherson, John and Zhao, Shaying and Fraser, Claire M. and Shetty, Jyoti and Shatsman, Sofiya and Geer, Keita and Chen, Yixin and Abramzon, Sofyia and Nierman, William C. and Gibbs, Richard A. and Weinstock, George M. and Havlak, Paul H. and Chen, Rui and James Durbin, K. and Egan, Amy and Ren, Yanru and Song, Xing-Zhi and Li, Bingshan and Liu, Yue and Qin, Xiang and Cawley, Simon and Weinstock, George M. and Worley, Kim C. and Cooney, A. J. and Gibbs, Richard A. and D'Souza, Lisa M. and Martin, Kirt and Qian Wu, Jia and Gonzalez-Garay, Manuel L. and Jackson, Andrew R. and Kalafus, Kenneth J. and McLeod, Michael P. and Milosavljevic, Aleksandar and Virk, Davinder and Volkov, Andrei and Wheeler, David A. and Zhang, Zhengdong and Bailey, Jeffrey A. and Eichler, Evan E. and Tuzun, Eray and Birney, Ewan and Mongin, Emmanuel and Ureta-Vidal, Abel and Woodwark, Cara and Zdobnov, Evgeny and Bork, Peer and Suyama, Mikita and Torrents, David and Alexandersson, Marina and Trask, Barbara J. and Young, Janet M. and Smith, Douglas and Huang, Hui and Fechtel, Kim and Wang, Huajun and Xing, Heming and Weinstock, Keith and Daniels, Sue and Gietzen, Darryl and Schmidt, Jeanette and Stevens, Kristian and Vitt, Ursula and Wingrove, Jim and Camara, Francisco and Mar Alb{\`{a}}, M. and Abril, Josep F. and Guigo, Roderic and Smit, Arian and Dubchak, Inna and Rubin, Edward M. and Couronne, Olivier and Poliakov, Alexander and H{\"{u}}bner, Norbert and Ganten, Detlev and Goesele, Claudia and Hummel, Oliver and Kreitler, Thomas and Lee, Young-Ae and Monti, Jan and Schulz, Herbert and Zimdahl, Heike and Himmelbauer, Heinz and Lehrach, Hans and Jacob, Howard J. and Bromberg, Susan and Gullings-Handley, Jo and Jensen-Seaman, Michael I. and Kwitek, Anne E. and Lazar, Jozef and Pasko, Dean and Tonellato, Peter J. and Twigger, Simon and Ponting, Chris P. and Duarte, Jose M. and Rice, Stephen and Goodstadt, Leo and Beatson, Scott A. and Emes, Richard D. and Winter, Eitan E. and Webber, Caleb and Brandt, Petra and Nyakatura, Gerald and Adetobi, Margaret and Chiaromonte, Francesca and Elnitski, Laura and Eswara, Pallavi and Hardison, Ross C. and Hou, Minmei and Kolbe, Diana and Makova, Kateryna and Miller, Webb and Nekrutenko, Anton and Riemer, Cathy and Schwartz, Scott and Taylor, James and Yang, Shan and Zhang, Yi and Lindpaintner, Klaus and Andrews, T. Dan and Caccamo, Mario and Clamp, Michele and Clarke, Laura and Curwen, Valerie and Durbin, Richard and Eyras, Eduardo and Searle, Stephen M. and Cooper, Gregory M. and Batzoglou, Serafim and Brudno, Michael and Sidow, Arend and Stone, Eric A. and Craig Venter, J. and Payseur, Bret A. and Bourque, Guillaume and L{\'{o}}pez-Ot{\'{i}}n, Carlos and Puente, Xose S. and Chakrabarti, Kushal and Chatterji, Sourav and Dewey, Colin and Pachter, Lior and Bray, Nicolas and Yap, Von Bing and Caspi, Anat and Tesler, Glenn and Pevzner, Pavel A. and Haussler, David and Roskin, Krishna M. and Baertsch, Robert and Clawson, Hiram and Furey, Terrence S. and Hinrichs, Angie S. and Karolchik, Donna and Kent, William J. and Rosenbloom, Kate R. and Trumbower, Heather and Weirauch, Matt and Cooper, David N. and Stenson, Peter D. and Ma, Bin and Brent, Michael and Arumugam, Manimozhiyan and Shteynberg, David and Copley, Richard R. and Taylor, Martin S. and Riethman, Harold and Mudunuri, Uma and Peterson, Jane and Guyer, Mark and Felsenfeld, Adam and Old, Susan and Mockrin, Stephen and Collins, Francis},
    number = {6982},
    month = {4},
    pages = {493--521},
    volume = {428},
    publisher = {Nature Publishing Group},
    url = {http://www.nature.com/doifinder/10.1038/nature02426},
    doi = {10.1038/nature02426},
    issn = {0028-0836}
}

@article{Lindblad-Toh2005,
    title = {{Genome sequence, comparative analysis and haplotype structure of the domestic dog.}},
    year = {2005},
    journal = {Nature},
    author = {Lindblad-Toh, Kerstin and Wade, Claire M and Mikkelsen, Tarjei S and Karlsson, Elinor K and Jaffe, David B and Kamal, Michael and Clamp, Michele and Chang, Jean L and Kulbokas, Edward J and Zody, Michael C and Mauceli, Evan and Xie, Xiaohui and Breen, Matthew and Wayne, Robert K and Ostrander, Elaine a and Ponting, Chris P and Galibert, Francis and Smith, Douglas R and DeJong, Pieter J and Kirkness, Ewen and Alvarez, Pablo and Biagi, Tara and Brockman, William and Butler, Jonathan and Chin, Chee-Wye and Cook, April and Cuff, James and Daly, Mark J and DeCaprio, David and Gnerre, Sante and Grabherr, Manfred and Kellis, Manolis and Kleber, Michael and Bardeleben, Carolyne and Goodstadt, Leo and Heger, Andreas and Hitte, Christophe and Kim, Lisa and Koepfli, Klaus-Peter and Parker, Heidi G and Pollinger, John P and Searle, Stephen M J and Sutter, Nathan B and Thomas, Rachael and Webber, Caleb and Baldwin, Jennifer and Abebe, Adal and Abouelleil, Amr and Aftuck, Lynne and Ait-Zahra, Mostafa and Aldredge, Tyler and Allen, Nicole and An, Peter and Anderson, Scott and Antoine, Claudel and Arachchi, Harindra and Aslam, Ali and Ayotte, Laura and Bachantsang, Pasang and Barry, Andrew and Bayul, Tashi and Benamara, Mostafa and Berlin, Aaron and Bessette, Daniel and Blitshteyn, Berta and Bloom, Toby and Blye, Jason and Boguslavskiy, Leonid and Bonnet, Claude and Boukhgalter, Boris and Brown, Adam and Cahill, Patrick and Calixte, Nadia and Camarata, Jody and Cheshatsang, Yama and Chu, Jeffrey and Citroen, Mieke and Collymore, Alville and Cooke, Patrick and Dawoe, Tenzin and Daza, Riza and Decktor, Karin and DeGray, Stuart and Dhargay, Norbu and Dooley, Kimberly and Dooley, Kathleen and Dorje, Passang and Dorjee, Kunsang and Dorris, Lester and Duffey, Noah and Dupes, Alan and Egbiremolen, Osebhajajeme and Elong, Richard and Falk, Jill and Farina, Abderrahim and Faro, Susan and Ferguson, Diallo and Ferreira, Patricia and Fisher, Sheila and FitzGerald, Mike and Foley, Karen and Foley, Chelsea and Franke, Alicia and Friedrich, Dennis and Gage, Diane and Garber, Manuel and Gearin, Gary and Giannoukos, Georgia and Goode, Tina and Goyette, Audra and Graham, Joseph and Grandbois, Edward and Gyaltsen, Kunsang and Hafez, Nabil and Hagopian, Daniel and Hagos, Birhane and Hall, Jennifer and Healy, Claire and Hegarty, Ryan and Honan, Tracey and Horn, Andrea and Houde, Nathan and Hughes, Leanne and Hunnicutt, Leigh and Husby, M and Jester, Benjamin and Jones, Charlien and Kamat, Asha and Kanga, Ben and Kells, Cristyn and Khazanovich, Dmitry and Kieu, Alix Chinh and Kisner, Peter and Kumar, Mayank and Lance, Krista and Landers, Thomas and Lara, Marcia and Lee, William and Leger, Jean-Pierre and Lennon, Niall and Leuper, Lisa and LeVine, Sarah and Liu, Jinlei and Liu, Xiaohong and Lokyitsang, Yeshi and Lokyitsang, Tashi and Lui, Annie and Macdonald, Jan and Major, John and Marabella, Richard and Maru, Kebede and Matthews, Charles and McDonough, Susan and Mehta, Teena and Meldrim, James and Melnikov, Alexandre and Meneus, Louis and Mihalev, Atanas and Mihova, Tanya and Miller, Karen and Mittelman, Rachel and Mlenga, Valentine and Mulrain, Leonidas and Munson, Glen and Navidi, Adam and Naylor, Jerome and Nguyen, Tuyen and Nguyen, Nga and Nguyen, Cindy and Nguyen, Thu and Nicol, Robert and Norbu, Nyima and Norbu, Choe and Novod, Nathaniel and Nyima, Tenchoe and Olandt, Peter and O'Neill, Barry and O'Neill, Keith and Osman, Sahal and Oyono, Lucien and Patti, Christopher and Perrin, Danielle and Phunkhang, Pema and Pierre, Fritz and Priest, Margaret and Rachupka, Anthony and Raghuraman, Sujaa and Rameau, Rayale and Ray, Verneda and Raymond, Christina and Rege, Filip and Rise, Cecil and Rogers, Julie and Rogov, Peter and Sahalie, Julie and Settipalli, Sampath and Sharpe, Theodore and Shea, Terrance and Sheehan, Mechele and Sherpa, Ngawang and Shi, Jianying and Shih, Diana and Sloan, Jessie and Smith, Cherylyn and Sparrow, Todd and Stalker, John and Stange-Thomann, Nicole and Stavropoulos, Sharon and Stone, Catherine and Stone, Sabrina and Sykes, Sean and Tchuinga, Pierre and Tenzing, Pema and Tesfaye, Senait and Thoulutsang, Dawa and Thoulutsang, Yama and Topham, Kerri and Topping, Ira and Tsamla, Tsamla and Vassiliev, Helen and Venkataraman, Vijay and Vo, Andy and Wangchuk, Tsering and Wangdi, Tsering and Weiand, Michael and Wilkinson, Jane and Wilson, Adam and Yadav, Shailendra and Yang, Shuli and Yang, Xiaoping and Young, Geneva and Yu, Qing and Zainoun, Joanne and Zembek, Lisa and Zimmer, Andrew and Lander, Eric S},
    number = {7069},
    month = {12},
    pages = {803--19},
    volume = {438},
    url = {http://www.ncbi.nlm.nih.gov/pubmed/16341006},
    doi = {10.1038/nature04338},
    issn = {1476-4687},
    pmid = {16341006},
    keywords = {Animals, Conserved Sequence, Conserved Sequence: genetics, Dog Diseases, Dog Diseases: genetics, Dogs, Dogs: classification, Dogs: genetics, Evolution, Molecular, Female, Genome, Genome: genetics, Genomics, Haplotypes, Haplotypes: genetics, Humans, Hybridization, Genetic, Male, Mice, Mutagenesis, Mutagenesis: genetics, Polymorphism, Single Nucleotide, Polymorphism, Single Nucleotide: genetics, Rats, Short Interspersed Nucleotide Elements, Short Interspersed Nucleotide Elements: genetics, Synteny, Synteny: genetics}
}

@article{Dear1993a,
    title = {{Happy mapping: Linkage mapping using a physical analogue of meiosis}},
    year = {1993},
    journal = {Nucleic Acids Research},
    author = {Dear, Paul H. and Cook, Peter R.},
    number = {1},
    month = {1},
    pages = {13--20},
    volume = {21},
    doi = {10.1093/nar/21.1.13},
    issn = {03051048}
}

@article{Chakraborty2018a,
    title = {{Hidden genetic variation shapes the structure of functional elements in Drosophila}},
    year = {2018},
    journal = {Nature Genetics},
    author = {Chakraborty, Mahul and Vankuren, Nicholas W. and Zhao, Roy and Zhang, Xinwen and Kalsow, Shannon and Emerson, J. J.},
    number = {1},
    month = {1},
    pages = {20--25},
    volume = {50},
    publisher = {Nature Publishing Group},
    doi = {10.1038/s41588-017-0010-y},
    issn = {15461718},
    pmid = {29255259}
}

@article{Servin2012a,
    title = {{High-resolution autosomal radiation hybrid maps of the pig genome and their contribution to the genome sequence assembly}},
    year = {2012},
    journal = {BMC Genomics},
    author = {Servin, B and Faraut, T and Iannuccelli, N and Zelenika, D and Milan, D},
    pages = {12},
    volume = {13},
    url = {http://www.biomedcentral.com/content/pdf/1471-2164-13-585.pdf},
    isbn = {1471-2164},
    doi = {10.1186/1471-2164-13-585},
    issn = {1471-2164},
    pmid = {23153393},
    keywords = {BREAKPOINTS, Biotechnology {\&} Applied Microbiology, CHROMOSOMES, EVOLUTION, GENERATION, Genetics {\&} Heredity, HUMAN-CHROMOSOME-4, PANEL, PORCINE, SYNTENY}
}

@article{Peichel2017a,
    title = {{Improvement of the Threespine Stickleback Genome Using a Hi-C-Based Proximity-Guided Assembly}},
    year = {2017},
    journal = {Journal of Heredity},
    author = {Peichel, Catherine L. and Sullivan, Shawn T. and Liachko, Ivan and White, Michael A.},
    number = {6},
    pages = {693--700},
    volume = {108},
    publisher = {Oxford University Press},
    doi = {10.1093/jhered/esx058},
    issn = {14657333},
    keywords = {Gasterosteus aculeatus, chromosome conformation capture, de novo genome assembly}
}

@article{Green2007,
    title = {{Initial sequence and comparative analysis of the cat genome}},
    year = {2007},
    journal = {Genome Research},
    author = {Pontius, Joan U and Mullikin, James C and Smith, Douglas R},
    pages = {1547--1549},
    volume = {17},
    doi = {10.1101/gr.7050807}
}

@article{Lander2001,
    title = {{Initial sequencing and analysis of the human genome.}},
    year = {2001},
    journal = {Nature},
    author = {Lander, E S and Linton, L M and Birren, B and Nusbaum, C and Zody, M C and Baldwin, J and Devon, K and Dewar, K and Doyle, M and FitzHugh, W and Funke, R and Gage, D and Harris, K and Heaford, a and Howland, J and Kann, L and Lehoczky, J and LeVine, R and McEwan, P and McKernan, K and Meldrim, J and Mesirov, J P and Miranda, C and Morris, W and Naylor, J and Raymond, C and Rosetti, M and Santos, R and Sheridan, a and Sougnez, C and Stange-Thomann, N and Stojanovic, N and Subramanian, a and Wyman, D and Rogers, J and Sulston, J and Ainscough, R and Beck, S and Bentley, D and Burton, J and Clee, C and Carter, N and Coulson, a and Deadman, R and Deloukas, P and Dunham, a and Dunham, I and Durbin, R and French, L and Grafham, D and Gregory, S and Hubbard, T and Humphray, S and Hunt, a and Jones, M and Lloyd, C and McMurray, a and Matthews, L and Mercer, S and Milne, S and Mullikin, J C and Mungall, a and Plumb, R and Ross, M and Shownkeen, R and Sims, S and Waterston, R H and Wilson, R K and Hillier, L W and McPherson, J D and Marra, M a and Mardis, E R and Fulton, L a and Chinwalla, a T and Pepin, K H and Gish, W R and Chissoe, S L and Wendl, M C and Delehaunty, K D and Miner, T L and Delehaunty, a and Kramer, J B and Cook, L L and Fulton, R S and Johnson, D L and Minx, P J and Clifton, S W and Hawkins, T and Branscomb, E and Predki, P and Richardson, P and Wenning, S and Slezak, T and Doggett, N and Cheng, J F and Olsen, a and Lucas, S and Elkin, C and Uberbacher, E and Frazier, M and Gibbs, R a and Muzny, D M and Scherer, S E and Bouck, J B and Sodergren, E J and Worley, K C and Rives, C M and Gorrell, J H and Metzker, M L and Naylor, S L and Kucherlapati, R S and Nelson, D L and Weinstock, G M and Sakaki, Y and Fujiyama, a and Hattori, M and Yada, T and Toyoda, a and Itoh, T and Kawagoe, C and Watanabe, H and Totoki, Y and Taylor, T and Weissenbach, J and Heilig, R and Saurin, W and Artiguenave, F and Brottier, P and Bruls, T and Pelletier, E and Robert, C and Wincker, P and Smith, D R and Doucette-Stamm, L and Rubenfield, M and Weinstock, K and Lee, H M and Dubois, J and Rosenthal, a and Platzer, M and Nyakatura, G and Taudien, S and Rump, a and Yang, H and Yu, J and Wang, J and Huang, G and Gu, J and Hood, L and Rowen, L and Madan, a and Qin, S and Davis, R W and Federspiel, N a and Abola, a P and Proctor, M J and Myers, R M and Schmutz, J and Dickson, M and Grimwood, J and Cox, D R and Olson, M V and Kaul, R and Shimizu, N and Kawasaki, K and Minoshima, S and Evans, G a and Athanasiou, M and Schultz, R and Roe, B a and Chen, F and Pan, H and Ramser, J and Lehrach, H and Reinhardt, R and McCombie, W R and de la Bastide, M and Dedhia, N and Bl{\"{o}}cker, H and Hornischer, K and Nordsiek, G and Agarwala, R and Aravind, L and Bailey, J a and Bateman, a and Batzoglou, S and Birney, E and Bork, P and Brown, D G and Burge, C B and Cerutti, L and Chen, H C and Church, D and Clamp, M and Copley, R R and Doerks, T and Eddy, S R and Eichler, E E and Furey, T S and Galagan, J and Gilbert, J G and Harmon, C and Hayashizaki, Y and Haussler, D and Hermjakob, H and Hokamp, K and Jang, W and Johnson, L S and Jones, T a and Kasif, S and Kaspryzk, a and Kennedy, S and Kent, W J and Kitts, P and Koonin, E V and Korf, I and Kulp, D and Lancet, D and Lowe, T M and McLysaght, a and Mikkelsen, T and Moran, J V and Mulder, N and Pollara, V J and Ponting, C P and Schuler, G and Schultz, J and Slater, G and Smit, a F and Stupka, E and Szustakowski, J and Thierry-Mieg, D and Thierry-Mieg, J and Wagner, L and Wallis, J and Wheeler, R and Williams, a and Wolf, Y I and Wolfe, K H and Yang, S P and Yeh, R F and Collins, F and Guyer, M S and Peterson, J and Felsenfeld, a and Wetterstrand, K a and Patrinos, a and Morgan, M J and de Jong, P and Catanese, J J and Osoegawa, K and Shizuya, H and Choi, S and Chen, Y J and Szustakowki, J},
    number = {6822},
    month = {2},
    pages = {860--921},
    volume = {409},
    url = {http://www.ncbi.nlm.nih.gov/pubmed/11237011},
    doi = {10.1038/35057062},
    issn = {0028-0836},
    pmid = {11237011},
    keywords = {Animals, Chromosome Mapping, Conserved Sequence, CpG Islands, DNA Transposable Elements, Databases, Factual, Drug Industry, Evolution, Molecular, Forecasting, GC Rich Sequence, Gene Duplication, Genes, Genetic Diseases, Inborn, Genetics, Medical, Genome, Human, Human Genome Project, Humans, Mutation, Private Sector, Proteins, Proteins: genetics, Proteome, Public Sector, RNA, RNA: genetics, Repetitive Sequences, Nucleic Acid, Sequence Analysis, DNA, Sequence Analysis, DNA: methods, Species Specificity}
}

@article{Chinwalla2002,
    title = {{Initial sequencing and comparative analysis of the mouse genome}},
    year = {2002},
    journal = {Nature},
    author = {Chinwalla, Asif T. and Cook, Lisa L. and Delehaunty, Kimberly D. and Fewell, Ginger A. and Fulton, Lucinda A. and Fulton, Robert S. and Graves, Tina A. and Hillier, LaDeana W. and Mardis, Elaine R. and McPherson, John D. and Miner, Tracie L. and Nash, William E. and Nelson, Joanne O. and Nhan, Michael N. and Pepin, Kymberlie H. and Pohl, Craig S. and Ponce, Tracy C. and Schultz, Brian and Thompson, Johanna and Trevaskis, Evanne and Waterston, Robert H. and Wendl, Michael C. and Wilson, Richard K. and Yang, Shiaw-Pyng and An, Peter and Berry, Eric and Birren, Bruce and Bloom, Toby and Brown, Daniel G. and Butler, Jonathan and Daly, Mark and David, Robert and Deri, Justin and Dodge, Sheila and Foley, Karen and Gage, Diane and Gnerre, Sante and Holzer, Timothy and Jaffe, David B. and Kamal, Michael and Karlsson, Elinor K. and Kells, Cristyn and Kirby, Andrew and Kulbokas, Edward J. and Lander, Eric S. and Landers, Tom and Leger, J. P. and Levine, Rosie and Lindblad-Toh, Kerstin and Mauceli, Evan and Mayer, John H. and McCarthy, Megan and Meldrim, Jim and Meldrim, Jim and Mesirov, Jill P. and Nicol, Robert and Nusbaum, Chad and Seaman, Steven and Sharpe, Ted and Sheridan, Andrew and Singer, Jonathan B. and Santos, Ralph and Spencer, Brian and Stange-Thomann, Nicole and Vinson, Jade P. and Wade, Claire M. and Wierzbowski, Jamey and Wyman, Dudley and Zody, Michael C. and Birney, Ewan and Goldman, Nick and Kasprzyk, Arkadiusz and Mongin, Emmanuel and Rust, Alistair G. and Slater, Guy and Stabenau, Arne and Ureta-Vidal, Abel and Whelan, Simon and Ainscough, Rachel and Attwood, John and Bailey, Jonathon and Barlow, Karen and Beck, Stephan and Burton, John and Clamp, Michele and Clee, Christopher and Coulson, Alan and Cuff, James and Curwen, Val and Cutts, Tim and Davies, Joy and Eyras, Eduardo and Grafham, Darren and Gregory, Simon and Hubbard, Tim and Hunt, Adrienne and Jones, Matthew and Joy, Ann and Leonard, Steven and Lloyd, Christine and Matthews, Lucy and McLaren, Stuart and McLay, Kirsten and Meredith, Beverley and Mullikin, James C. and Ning, Zemin and Oliver, Karen and Overton-Larty, Emma and Plumb, Robert and Potter, Simon and Quail, Michael and Rogers, Jane and Scott, Carol and Searle, Steve and Shownkeen, Ratna and Sims, Sarah and Wall, Melanie and West, Anthony P. and Willey, David and Williams, Sophie and Abril, Josep F. and Guig{\'{o}}, Roderic and Parra, Genís and Agarwal, Pankaj and Agarwala, Richa and Church, Deanna M. and Hlavina, Wratko and Maglott, Donna R. and Sapojnikov, Victor and Alexandersson, Marina and Pachter, Lior and Antonarakis, Stylianos E. and Dermitzakis, Emmanouil T. and Reymond, Alexandre and Ucla, Catherine and Baertsch, Robert and Diekhans, Mark and Furey, Terrence S. and Hinrichs, Angela and Hsu, Fan and Karolchik, Donna and Kent, W. James and Roskin, Krishna M. and Schwartz, Matthias S. and Sugnet, Charles and Weber, Ryan J. and Bork, Peer and Letunic, Ivica and Suyama, Mikita and Torrents, David and Zdobnov, Evgeny M. and Botcherby, Marc and Brown, Stephen D. and Campbell, Robert D. and Jackson, Ian and Bray, Nicolas and Couronne, Olivier and Dubchak, Inna and Poliakov, Alex and Rubin, Edward M. and Brent, Michael R. and Flicek, Paul and Keibler, Evan and Korf, Ian and Batalov, S. and Bult, Carol and Frankel, Wayne N. and Carninci, Piero and Hayashizaki, Yoshihide and Kawai, Jun and Okazaki, Yasushi and Cawley, Simon and Kulp, David and Wheeler, Raymond and Chiaromonte, Francesca and Collins, Francis S. and Felsenfeld, Adam and Guyer, Mark and Peterson, Jane and Wetterstrand, Kris and Copley, Richard R. and Mott, Richard and Dewey, Colin and Dickens, Nicholas J. and Emes, Richard D. and Goodstadt, Leo and Ponting, Chris P. and Winter, Eitan and Dunn, Diane M. and von Niederhausern, Andrew C. and Weiss, Robert B. and Eddy, Sean R. and Johnson, L. Steven and Jones, Thomas A. and Elnitski, Laura and Kolbe, Diana L. and Eswara, Pallavi and Miller, Webb and O'Connor, Michael J. and Schwartz, Scott and Gibbs, Richard 
        A. and Muzny, Donna M. and Glusman, Gustavo and Smit, Arian and Green, Eric D. and Hardison, Ross C. and Yang, Shan and Haussler, David and Hua, Axin and Roe, Bruce A. and Kucherlapati, Raju S. and Montgomery, Kate T. and Li, Jia and Li, Ming and Lucas, Susan and Ma, Bin and McCombie, W. Richard and Morgan, Michael and Pevzner, Pavel and Tesler, Glenn and Schultz, Jörg and Smith, Douglas R. and Tromp, John and Worley, Kim C. and Lander, Eric S. and Abril, Josep F. and Agarwal, Pankaj and Alexandersson, Marina and Antonarakis, Stylianos E. and Baertsch, Robert and Berry, Eric and Birney, Ewan and Bork, Peer and Bray, Nicolas and Brent, Michael R. and Brown, Daniel G. and Butler, Jonathan and Bult, Carol and Chiaromonte, Francesca and Chinwalla, Asif T. and Church, Deanna M. and Clamp, Michele and Collins, Francis S. and Copley, Richard R. and Couronne, Olivier and Cawley, Simon and Cuff, James and Curwen, Val and Cutts, Tim and Daly, Mark and Dermitzakis, Emmanouil T. and Dewey, Colin and Dickens, Nicholas J. and Diekhans, Mark and Dubchak, Inna and Eddy, Sean R. and Elnitski, Laura and Emes, Richard D. and Eswara, Pallavi and Eyras, Eduardo and Felsenfeld, Adam and Flicek, Paul and Frankel, Wayne N. and Fulton, Lucinda A. and Furey, Terrence S. and Gnerre, Sante and Glusman, Gustavo and Goldman, Nick and Goodstadt, Leo and Green, Eric 
        D. and Gregory, Simon and Guig{\'{o}}, Roderic and Hardison, Ross C. and Haussler, David and Hillier, LaDeana W. and Hinrichs, Angela and Hlavina, Wratko and Hsu, Fan and Hubbard, Tim and Jaffe, David B. and Kamal, Michael and Karolchik, Donna and Karlsson, Elinor K. and Kasprzyk, Arkadiusz and Keibler, Evan and Kent, W. James and Kirby, Andrew and Kolbe, Diana L. and Korf, Ian and Kulbokas, Edward J. and Kulp, David and Lander, Eric S. and Letunic, Ivica and Li, Ming and Lindblad-Toh, Kerstin and Ma, Bin and Maglott, Donna R. and Mauceli, Evan and Mesirov, Jill P. and Miller, Webb and Mott, Richard and Mullikin, James C. and Ning, Zemin and Pachter, Lior and Parra, Genís and Pevzner, Pavel and Poliakov, Alex and Ponting, Chris P. and Potter, Simon and Reymond, Alexandre and Roskin, Krishna M. and Sapojnikov, Victor and Schultz, Jörg and Schwartz, Matthias S. and Schwartz, Scott and Searle, Steve and Singer, Jonathan B. and Slater, Guy and Smit, Arian and Stabenau, Arne and Sugnet, Charles and Suyama, Mikita and Tesler, Glenn and Torrents, David and Tromp, John and Ucla, Catherine and Vinson, Jade P. and Wade, Claire M. and Weber, Ryan J. and Wheeler, Raymond and Winter, Eitan and Yang, Shiaw-Pyng and Zdobnov, Evgeny M. and Waterston, Robert H. and Whelan, Simon and Worley, Kim C. and Zody, Michael C.},
    number = {6915},
    month = {12},
    pages = {520--562},
    volume = {420},
    publisher = {Nature Publishing Group},
    url = {http://www.nature.com/doifinder/10.1038/nature01262},
    doi = {10.1038/nature01262},
    issn = {0028-0836}
}

@article{Castle1919,
    title = {{Is the Arrangement of the Genes in the Chromosome Linear?}},
    year = {1919},
    journal = {Proceedings of the National Academy of Sciences of the United States of America},
    author = {Castle, W E},
    number = {2},
    month = {2},
    pages = {25--32},
    volume = {5},
    publisher = {National Academy of Sciences},
    url = {http://www.ncbi.nlm.nih.gov/pubmed/16576346 http://www.pubmedcentral.nih.gov/articlerender.fcgi?artid=PMC1091521},
    issn = {0027-8424},
    pmid = {16576346}
}

@article{Alkan2011,
    title = {{Limitation of next generation genome sequence assembly}},
    year = {2011},
    journal = {Nat Methods},
    author = {Alkan C, Sajjadian S, Eichler EE},
    number = {1},
    pages = {61--65},
    volume = {8},
    doi = {10.1038/nmeth.1527.Limitations}
}

@article{Yerle1992,
    title = {{Localization of the pig luteinizing hormone/choriogonadotropin receptor gene (LHCGR) by radioactive and nonradioactive in situ hybridization}},
    year = {1992},
    journal = {Cytogenetic and Genome Research},
    author = {Yerle, M. and Galman, O. and Lahbib-Mansais, Y. and Gellin, J.},
    number = {1},
    pages = {48--51},
    volume = {59},
    url = {http://www.ncbi.nlm.nih.gov/pubmed/1733673 https://www.karger.com/Article/FullText/133198},
    doi = {10.1159/000133198},
    issn = {1424-859X},
    pmid = {1733673}
}

@article{Courcelle2008,
    title = {{Narcisse: a mirror view of conserved syntenies.}},
    year = {2008},
    journal = {Nucleic acids research},
    author = {Courcelle, Emmanuel and Beausse, Yoann and Letort, Sébastien and Stahl, Olivier and Fremez, Romain and Ngom-Bru, Catherine and Gouzy, Jérôme and Faraut, Thomas},
    number = {Database issue},
    month = {1},
    pages = {485--90},
    volume = {36},
    publisher = {Oxford University Press},
    url = {http://www.ncbi.nlm.nih.gov/pubmed/17981845 http://www.pubmedcentral.nih.gov/articlerender.fcgi?artid=PMC2238891},
    doi = {10.1093/nar/gkm805},
    issn = {1362-4962},
    pmid = {17981845}
}

@article{Schwartz1993,
    title = {{Ordered restriction maps of Saccharomyces cerevisiae chromosomes constructed by optical mapping}},
    year = {1993},
    journal = {Science},
    author = {Schwartz, DC and Li, X and Hernandez, LI and Ramnarain, SP and Huff, EJ and Wang, YK},
    number = {5130},
    volume = {262},
    url = {http://science.sciencemag.org/content/262/5130/110.long}
}

@article{Rhoads2015,
    title = {{PacBio Sequencing and Its Applications}},
    year = {2015},
    journal = {Genomics, Proteomics and Bioinformatics},
    author = {Rhoads, Anthony and Au, Kin Fai},
    number = {5},
    pages = {278--289},
    volume = {13},
    publisher = {Beijing Institute of Genomics, Chinese Academy of Sciences and Genetics Society of China},
    url = {http://dx.doi.org/10.1016/j.gpb.2015.08.002},
    isbn = {1672-0229},
    doi = {10.1016/j.gpb.2015.08.002},
    issn = {22103244},
    pmid = {26542840},
    keywords = {De novo assembly, Gene isoform detection, Hybrid sequencing, Methylation, Third-generation sequencing}
}

@article{Frith2010,
    title = {{Parameters for accurate genome alignment}},
    year = {2010},
    journal = {BMC Bioinformatics},
    author = {Frith, Martin C and Hamada, Michiaki and Horton, Paul},
    number = {1},
    month = {12},
    pages = {80},
    volume = {11},
    url = {https://bmcbioinformatics.biomedcentral.com/articles/10.1186/1471-2105-11-80},
    doi = {10.1186/1471-2105-11-80},
    issn = {1471-2105}
}

@article{Sun2001,
    title = {{Phosphatidylinositol-3-OH kinase (PI3K)/AKT2, activated in breast cancer, regulates and is induced by estrogen receptor {$\alpha$} (ER{$\alpha$}) via interaction between ER{$\alpha$} and PI3K}},
    year = {2001},
    journal = {Cancer Research},
    author = {Sun, M. and Paciga, J. E. and Feldman, R. I. and Yuan, Z. Q. and Coppola, D. and {You Yong Lu} and Shelley, S. A. and Nicosia, S. V. and Cheng, J. Q.},
    number = {16},
    pages = {5985--5991},
    volume = {61},
    isbn = {0008-5472 (Print){\textbackslash}r0008-5472 (Linking)},
    doi = {10.1038/nature},
    issn = {00085472},
    pmid = {11507039},
    arxivId = {NIHMS150003}
}

@article{Cox1990,
    title = {{Radiation hybrid mapping: a somatic cell genetic method for constructing high-resolution maps of mammalian chromosomes.}},
    year = {1990},
    journal = {Science (New York, N.Y.)},
    author = {Cox, D R and Burmeister, M and Price, E R and Kim, S and Myers, R M},
    number = {4978},
    month = {10},
    pages = {245--50},
    volume = {250},
    url = {http://www.ncbi.nlm.nih.gov/pubmed/2218528},
    issn = {0036-8075},
    pmid = {2218528},
    keywords = {Animals, Chromosome Mapping, Chromosomes, Chromosomes: radiation effects, Genetic Markers, Genetic Techniques, Human, Human: radiation effects, Humans, Hybrid Cells, Hybrid Cells: cytology, Mammals, Mammals: genetics, Nucleic Acid Hybridization, Pair 21, Restriction Mapping, X-Rays}
}

@article{Kim2013a,
    title = {{Reference-assisted chromosome assembly}},
    year = {2013},
    journal = {Proceedings of the National Academy of Sciences of the United States of America},
    author = {Kim, Jaebum and Larkin, Denis M. and Cai, Qingle and {Asan} and Zhang, Yongfen and Ge, Ri Li and Auvil, Loretta and Capitanu, Boris and Zhang, Guojie and Lewin, Harris A. and Ma, Jian},
    number = {5},
    month = {1},
    pages = {1785--1790},
    volume = {110},
    doi = {10.1073/pnas.1220349110},
    issn = {00278424},
    keywords = {Bioinformatics, Chromosome breakpoints, Comparative genomics, Computational genomics, Mammals}
}

@article{Schneeberger2011a,
    title = {{Reference-guided assembly of four diverse Arabidopsis thaliana genomes}},
    year = {2011},
    journal = {Proceedings of the National Academy of Sciences of the United States of America},
    author = {Schneeberger, Korbinian and Ossowski, Stephan and Ott, Felix and Klein, Juliane D. and Wang, Xi and Lanz, Christa and Smith, Lisa M. and Cao, Jun and Fitz, Joffrey and Warthmann, Norman and Henz, Stefan R. and Huson, Daniel H. and Weigel, Detlef},
    number = {25},
    month = {6},
    pages = {10249--10254},
    volume = {108},
    doi = {10.1073/pnas.1107739108},
    issn = {00278424}
}

@article{Lischer2017a,
    title = {{Reference-guided de novo assembly approach improves genome reconstruction for related species}},
    year = {2017},
    journal = {BMC Bioinformatics},
    author = {Lischer, Heidi E.L. and Shimizu, Kentaro K.},
    number = {1},
    month = {11},
    volume = {18},
    publisher = {BioMed Central Ltd.},
    doi = {10.1186/s12859-017-1911-6},
    issn = {14712105},
    keywords = {Assembly evaluation, De novo, Genome assembly, Reference-guided, Related species}
}

@article{Hillier2004,
    title = {{Sequence and comparative analysis of the chicken genome provide unique perspectives on vertebrate evolution}},
    year = {2004},
    journal = {Nature},
    author = {Hillier, LaDeana W. and Miller, Webb and Birney, Ewan and Warren, Wesley and Hardison, Ross C. and Ponting, Chris P. and Bork, Peer and Burt, David W. and Groenen, Martien A. M. and Delany, Mary E. and Dodgson, Jerry B. and Chinwalla, Asif T. and Cliften, Paul F. and Clifton, Sandra W. and Delehaunty, Kimberly D. and Fronick, Catrina and Fulton, Robert S. and Graves, Tina A. and Kremitzki, Colin and Layman, Dan and Magrini, Vincent and McPherson, John D. and Miner, Tracie L. and Minx, Patrick and Nash, William E. and Nhan, Michael N. and Nelson, Joanne O. and Oddy, Lachlan G. and Pohl, Craig S. and Randall-Maher, Jennifer and Smith, Scott M. and Wallis, John W. and Yang, Shiaw-Pyng and Romanov, Michael N. and Rondelli, Catherine M. and Paton, Bob and Smith, Jacqueline and Morrice, David and Daniels, Laura and Tempest, Helen G. and Robertson, Lindsay and Masabanda, Julio S. and Griffin, Darren K. and Vignal, Alain and Fillon, Valerie and Jacobbson, Lina and Kerje, Susanne and Andersson, Leif and Crooijmans, Richard P. M. and Aerts, Jan and van der Poel, Jan J. and Ellegren, Hans and Caldwell, Randolph B. and Hubbard, Simon J. and Grafham, Darren V. and Kierzek, Andrzej M. and McLaren, Stuart R. and Overton, Ian M. and Arakawa, Hiroshi and Beattie, Kevin J. and Bezzubov, Yuri and Boardman, Paul E. and Bonfield, James K. and Croning, Michael D. R. and Davies, Robert M. and Francis, Matthew D. and Humphray, Sean J. and Scott, Carol E. and Taylor, Ruth G. and Tickle, Cheryll and Brown, William R. A. and Rogers, Jane and Buerstedde, Jean-Marie and Wilson, Stuart A. and Stubbs, Lisa and Ovcharenko, Ivan and Gordon, Laurie and Lucas, Susan and Miller, Marcia M. and Inoko, Hidetoshi and Shiina, Takashi and Kaufman, Jim and Salomonsen, Jan and Skjoedt, Karsten and Wong, Gane Ka-Shu and Wang, Jun and Liu, Bin and Wang, Jian and Yu, Jun and Yang, Huanming and Nefedov, Mikhail and Koriabine, Maxim and deJong, Pieter J. and Goodstadt, Leo and Webber, Caleb and Dickens, Nicholas J. and Letunic, Ivica and Suyama, Mikita and Torrents, David and von Mering, Christian and Zdobnov, Evgeny M. and Makova, Kateryna and Nekrutenko, Anton and Elnitski, Laura and Eswara, Pallavi and King, David C. and Yang, Shan and Tyekucheva, Svitlana and Radakrishnan, Anusha and Harris, Robert S. and Chiaromonte, Francesca and Taylor, James and He, Jianbin and Rijnkels, Monique and Griffiths-Jones, Sam and Ureta-Vidal, Abel and Hoffman, Michael M. and Severin, Jessica and Searle, Stephen M. J. and Law, Andy S. and Speed, David and Waddington, Dave and Cheng, Ze and Tuzun, Eray and Eichler, Evan and Bao, Zhirong and Flicek, Paul and Shteynberg, David D. and Brent, Michael R. and Bye, Jacqueline M. and Huckle, Elizabeth J. and Chatterji, Sourav and Dewey, Colin and Pachter, Lior and Kouranov, Andrei and Mourelatos, Zissimos and Hatzigeorgiou, Artemis G. and Paterson, Andrew H. and Ivarie, Robert and Brandstrom, Mikael and Axelsson, Erik and Backstrom, Niclas and Berlin, Sofia and Webster, Matthew T. and Pourquie, Olivier and Reymond, Alexandre and Ucla, Catherine and Antonarakis, Stylianos E. and Long, Manyuan and Emerson, J. J. and Betr{\'{a}}n, Esther and Dupanloup, Isabelle and Kaessmann, Henrik and Hinrichs, Angie S. and Bejerano, Gill and Furey, Terrence S. and Harte, Rachel A. and Raney, Brian and Siepel, Adam and Kent, W. James and Haussler, David and Eyras, Eduardo and Castelo, Robert and Abril, Josep F. and Castellano, Sergi and Camara, Francisco and Parra, Genis and Guigo, Roderic and Bourque, Guillaume and Tesler, Glenn and Pevzner, Pavel A. and Smit, Arian and Fulton, Lucinda A. and Mardis, Elaine R. and Wilson, Richard K. and Pevzner, Pavel A. and Smit, Arian and management:, Project and Fulton, Lucinda A. and Mardis, Elaine R. and Wilson, Richard K.},
    number = {7018},
    month = {12},
    pages = {695--716},
    volume = {432},
    publisher = {Nature Publishing Group},
    url = {http://www.nature.com/doifinder/10.1038/nature03154},
    doi = {10.1038/nature03154},
    issn = {0028-0836}
}

@article{VanOeveren2011,
    title = {{Sequence-based physical mapping of complex genomes by whole genome profiling.}},
    year = {2011},
    journal = {Genome research},
    author = {van Oeveren, Jan and de Ruiter, Marjo and Jesse, Taco and van der Poel, Hein and Tang, Jifeng and Yalcin, Feyruz and Janssen, Antoine and Volpin, Hanne and Stormo, Keith E and Bogden, Robert and van Eijk, Michiel J T and Prins, Marcel},
    number = {4},
    month = {4},
    pages = {618--25},
    volume = {21},
    publisher = {Cold Spring Harbor Laboratory Press},
    url = {http://www.ncbi.nlm.nih.gov/pubmed/21324881 http://www.pubmedcentral.nih.gov/articlerender.fcgi?artid=PMC3065709},
    doi = {10.1101/gr.112094.110},
    issn = {1549-5469},
    pmid = {21324881}
}

@article{Dong2013,
    title = {{Sequencing and automated whole-genome optical mapping of the genome of a domestic goat (Capra hircus).}},
    year = {2013},
    journal = {Nature biotechnology},
    author = {Dong, Yang and Xie, Min and Jiang, Yu and Xiao, Nianqing and Du, Xiaoyong and Zhang, Wenguang and Tosser-Klopp, Gwenola and Wang, Jinhuan and Yang, Shuang and Liang, Jie and Chen, Wenbin and Chen, Jing and Zeng, Peng and Hou, Yong and Bian, Chao and Pan, Shengkai and Li, Yuxiang and Liu, Xin and Wang, Wenliang and Servin, Bertrand and Sayre, Brian and Zhu, Bin and Sweeney, Deacon and Moore, Rich and Nie, Wenhui and Shen, Yongyi and Zhao, Ruoping and Zhang, Guojie and Li, Jinquan and Faraut, Thomas and Womack, James and Zhang, Yaping and Kijas, James and Cockett, Noelle and Xu, Xun and Zhao, Shuhong and Wang, Jun and Wang, Wen},
    number = {2},
    month = {2},
    pages = {135--41},
    volume = {31},
    publisher = {Nature Publishing Group},
    url = {http://www.ncbi.nlm.nih.gov/pubmed/23263233},
    doi = {10.1038/nbt.2478},
    issn = {1546-1696},
    pmid = {23263233},
    keywords = {Animals, Base Sequence, Cattle, China, Chromosome Mapping, Female, Genome, Goats, Goats: genetics, High-Throughput Nucleotide Sequencing, Human, Humans, Molecular Sequence Data, Synteny, Synteny: genetics}
}

@article{Bickhart2017a,
    title = {{Single-molecule sequencing and chromatin conformation capture enable de novo reference assembly of the domestic goat genome}},
    year = {2017},
    journal = {Nature Genetics},
    author = {Bickhart, Derek M. and Rosen, Benjamin D. and Koren, Sergey and Sayre, Brian L. and Hastie, Alex R. and Chan, Saki and Lee, Joyce and Lam, Ernest T. and Liachko, Ivan and Sullivan, Shawn T. and Burton, Joshua N. and Huson, Heather J. and Nystrom, John C. and Kelley, Christy M. and Hutchison, Jana L. and Zhou, Yang and Sun, Jiajie and Cris{\`{a}}, Alessandra and Ponce De Le{\'{o}}n, F. Abel and Schwartz, John C. and Hammond, John A. and Waldbieser, Geoffrey C. and Schroeder, Steven G. and Liu, George E. and Dunham, Maitreya J. and Shendure, Jay and Sonstegard, Tad S. and Phillippy, Adam M. and Van Tassell, Curtis P. and Smith, Timothy P.L.},
    number = {4},
    month = {3},
    pages = {643--650},
    volume = {49},
    publisher = {Nature Publishing Group},
    doi = {10.1038/ng.3802},
    issn = {15461718},
    pmid = {28263316}
}

@article{Teo2012,
    title = {{Statistical challenges associated with detecting copy number variations with next-generation sequencing.}},
    year = {2012},
    journal = {Bioinformatics (Oxford, England)},
    author = {Teo, Shu Mei and Pawitan, Yudi and Ku, Chee Seng and Chia, Kee Seng and Salim, Agus},
    number = {21},
    month = {11},
    pages = {2711--8},
    volume = {28},
    url = {http://www.ncbi.nlm.nih.gov/pubmed/22942022},
    doi = {10.1093/bioinformatics/bts535},
    issn = {1367-4811},
    pmid = {22942022}
}

@article{Servin2010,
    title = {{Statistical confidence measures for genome maps: application to the validation of genome assemblies.}},
    year = {2010},
    journal = {Bioinformatics (Oxford, England)},
    author = {Servin, Bertrand and de Givry, Simon and Faraut, Thomas},
    number = {24},
    month = {12},
    pages = {3035--42},
    volume = {26},
    url = {http://www.ncbi.nlm.nih.gov/pubmed/21076149},
    doi = {10.1093/bioinformatics/btq598},
    issn = {1367-4811},
    pmid = {21076149},
    keywords = {Algorithms, Animals, Chromosome Mapping, Chromosome Mapping: methods, Chromosomes, Data Interpretation, Dogs, Genetic Markers, Genome, Mammalian, Radiation Hybrid Mapping, Radiation Hybrid Mapping: methods, Software, Statistical}
}

@article{Lang2018a,
    title = {{The <i>Physcomitrella patens</i> chromosome-scale assembly reveals moss genome structure and evolution}},
    year = {2018},
    journal = {The Plant Journal},
    author = {Lang, Daniel and Ullrich, Kristian K. and Murat, Florent and Fuchs, Jörg and Jenkins, Jerry and Haas, Fabian B. and Piednoel, Mathieu and Gundlach, Heidrun and Van Bel, Michiel and Meyberg, Rabea and Vives, Cristina and Morata, Jordi and Symeonidi, Aikaterini and Hiss, Manuel and Muchero, Wellington and Kamisugi, Yasuko and Saleh, Omar and Blanc, Guillaume and Decker, Eva L. and van Gessel, Nico and Grimwood, Jane and Hayes, Richard D. and Graham, Sean W. and Gunter, Lee E. and McDaniel, Stuart F. and Hoernstein, Sebastian N.W. and Larsson, Anders and Li, Fay-Wei and Perroud, Pierre-François and Phillips, Jeremy and Ranjan, Priya and Rokshar, Daniel S. and Rothfels, Carl J. and Schneider, Lucas and Shu, Shengqiang and Stevenson, Dennis W. and Th{\"{u}}mmler, Fritz and Tillich, Michael and Villarreal Aguilar, Juan C. and Widiez, Thomas and Wong, Gane Ka-Shu and Wymore, Ann and Zhang, Yong and Zimmer, Andreas D. and Quatrano, Ralph S. and Mayer, Klaus F.X. and Goodstein, David and Casacuberta, Josep M. and Vandepoele, Klaas and Reski, Ralf and Cuming, Andrew C. and Tuskan, Gerald A. and Maumus, Florian and Salse, Jérome and Schmutz, Jeremy and Rensing, Stefan A.},
    number = {3},
    month = {2},
    pages = {515--533},
    volume = {93},
    url = {http://doi.wiley.com/10.1111/tpj.13801},
    doi = {10.1111/tpj.13801},
    issn = {09607412}
}

@article{Morisson2007,
    title = {{The chicken RH map: Current state of progress and microchromosome mapping}},
    year = {2007},
    journal = {Cytogenetic and Genome Research},
    author = {Morisson, M. and Denis, M. and Milan, D. and Klopp, C. and Leroux, S. and Bardes, S. and Pitel, F. and Vignoles, F. and G{\'{e}}rus, M. and Fillon, V. and Douaud, M. and Vignal, A.},
    number = {1-4},
    pages = {14--21},
    volume = {117},
    isbn = {1424-8581},
    doi = {10.1159/000103160},
    issn = {14248581},
    pmid = {17675840}
}

@article{Huang2013,
    title = {{The duck genome and transcriptome provide insight into an avian influenza virus reservoir species.}},
    shorttitle = {Nat Genet},
    year = {2013},
    journal = {Nature genetics},
    author = {Huang, Yinhua and Li, Yingrui and Burt, David W and Chen, Hualan and Zhang, Yong and Qian, Wubin and Kim, Heebal and Gan, Shangquan and Zhao, Yiqiang and Li, Jianwen and Yi, Kang and Feng, Huapeng and Zhu, Pengyang and Li, Bo and Liu, Qiuyue and Fairley, Suan and Magor, Katharine E and Du, Zhenlin and Hu, Xiaoxiang and Goodman, Laurie and Tafer, Hakim and Vignal, Alain and Lee, Taeheon and Kim, Kyu-Won and Sheng, Zheya and An, Yang and Searle, Steve and Herrero, Javier and Groenen, Martien A M and Crooijmans, Richard P M A and Faraut, Thomas and Cai, Qingle and Webster, Robert G and Aldridge, Jerry R and Warren, Wesley C and Bartschat, Sebastian and Kehr, Stephanie and Marz, Manja and Stadler, Peter F and Smith, Jacqueline and Kraus, Robert H S and Zhao, Yaofeng and Ren, Liming and Fei, Jing and Morisson, Mireille and Kaiser, Pete and Griffin, Darren K and Rao, Man and Pitel, Frederique and Wang, Jun and Li, Ning},
    number = {7},
    month = {7},
    pages = {776--83},
    volume = {45},
    publisher = {Nature Publishing Group, a division of Macmillan Publishers Limited. All Rights Reserved.},
    url = {http://dx.doi.org/10.1038/ng.2657},
    doi = {10.1038/ng.2657},
    issn = {1546-1718},
    pmid = {23749191},
    keywords = {Animals, Base Sequence, Chickens, Chickens: genetics, Disease Reservoirs, Disease Vectors, Ducks, Ducks: genetics, Ducks: immunology, Ducks: virology, Female, Geese, Geese: genetics, Genome, Genome: physiology, Host-Pathogen Interactions, Host-Pathogen Interactions: genetics, Host-Pathogen Interactions: immunology, Immunity, Immunity: genetics, Influenza in Birds, Influenza in Birds: genetics, Influenza in Birds: immunology, Molecular Sequence Data, Phylogeny, Species Specificity, Transcriptome, Transcriptome: genetics}
}

@article{Koepfli2015,
    title = {{The Genome 10K Project: A Way Forward}},
    year = {2015},
    journal = {Annual Review of Animal Biosciences},
    author = {Koepfli, Klaus-Peter and Paten, Benedict and O’Brien, Stephen J.},
    number = {1},
    pages = {57--111},
    volume = {3},
    url = {http://www.annualreviews.org/doi/10.1146/annurev-animal-090414-014900},
    isbn = {2165-8102},
    doi = {10.1146/annurev-animal-090414-014900},
    issn = {2165-8102},
    pmid = {25689317},
    keywords = {amphibian, bird, fish, genome, mammal, mammal,amphibian,reptile,bird,fish,genome, reptile}
}

@article{TR2013,
    title = {{The i5K Initiative: Advancing Arthropod Genomics for Knowledge, Human Health, Agriculture, and the Environment}},
    year = {2013},
    journal = {Journal of Heredity},
    author = {TR, Gregory and T, Van Leeuwen and RM, Clark and S, Rombauts and P, Rouzé and V, Grbić and EJ, Osborne and W, Dermauw and PC, Ngoc and F, Ortego},
    number = {5},
    month = {9},
    pages = {595--600},
    volume = {104},
    publisher = {Oxford University Press},
    url = {https://academic.oup.com/jhered/article-lookup/doi/10.1093/jhered/est050},
    doi = {10.1093/jhered/est050},
    issn = {0022-1503}
}

@article{Jiang2014,
    title = {{The sheep genome illuminates biology of the rumen and lipid metabolism}},
    year = {2014},
    journal = {Science},
    author = {Jiang, Y. and Xie, M. and Chen, W. and Talbot, R. and Maddox, J. F. and Faraut, T. and Wu, C. and Muzny, D. M. and Li, Y. and Zhang, W. and Stanton, J.-a. and Brauning, R. and Barris, W. C. and Hourlier, T. and Aken, B. L. and Searle, S. M. J. and Adelson, D. L. and Bian, C. and Cam, G. R. and Chen, Y. and Cheng, S. and DeSilva, U. and Dixen, K. and Dong, Y. and Fan, G. and Franklin, I. R. and Fu, S. and Fuentes-Utrilla, P. and Guan, R. and Highland, M. a. and Holder, M. E. and Huang, G. and Ingham, a. B. and Jhangiani, S. N. and Kalra, D. and Kovar, C. L. and Lee, S. L. and Liu, W. and Liu, X. and Lu, C. and Lv, T. and Mathew, T. and McWilliam, S. and Menzies, M. and Pan, S. and Robelin, D. and Servin, B. and Townley, D. and Wang, W. and Wei, B. and White, S. N. and Yang, X. and Ye, C. and Yue, Y. and Zeng, P. and Zhou, Q. and Hansen, J. B. and Kristiansen, K. and Gibbs, R. a. and Flicek, P. and Warkup, C. C. and Jones, H. E. and Oddy, V. H. and Nicholas, F. W. and McEwan, J. C. and Kijas, J. W. and Wang, J. and Worley, K. C. and Archibald, a. L. and Cockett, N. and Xu, X. and Dalrymple, B. P.},
    number = {6188},
    month = {6},
    pages = {1168--1173},
    volume = {344},
    url = {http://www.sciencemag.org/cgi/doi/10.1126/science.1252806},
    doi = {10.1126/science.1252806},
    issn = {0036-8075}
}

@article{Badouin2017,
    title = {{The sunflower genome provides insights into oil metabolism, flowering and Asterid evolution.}},
    year = {2017},
    journal = {Nature},
    author = {Badouin, Hélène and Gouzy, Jérôme and Grassa, Christopher J and Murat, Florent and Staton, S Evan and Cottret, Ludovic and Lelandais-Bri{\`{e}}re, Christine and Owens, Gregory L and Carr{\`{e}}re, Sébastien and Mayjonade, Baptiste and Legrand, Ludovic and Gill, Navdeep and Kane, Nolan C and Bowers, John E and Hubner, Sariel and Bellec, Arnaud and B{\'{e}}rard, Aurélie and Berg{\`{e}}s, Hélène and Blanchet, Nicolas and Boniface, Marie-claude and Brunel, Dominique and Catrice, Olivier and Chaidir, Nadia and Claudel, Clotilde and Donnadieu, Cécile and Faraut, Thomas and Fievet, Ghislain and Helmstetter, Nicolas and King, Matthew and Knapp, Steven J and Lai, Zhao and Le Paslier, Marie-Christine and Lippi, Yannick and Lorenzon, Lolita and Mandel, Jennifer R and Marage, Gwenola and Marchand, Gwenaëlle and Marquand, Elodie and Bret-Mestries, Emmanuelle and Morien, Evan and Nambeesan, Savithri and Nguyen, Thuy and Pegot-Espagnet, Prune and Pouilly, Nicolas and Raftis, Frances and Sallet, Erika and Schiex, Thomas and Thomas, Justine and Vandecasteele, Céline and Var{\`{e}}s, Didier and Vear, Felicity and Vautrin, Sonia and Crespi, Martin and Mangin, Brigitte and Burke, John M and Salse, Jérôme and Mu{\~{n}}os, Stéphane and Vincourt, Patrick and Rieseberg, Loren H and Langlade, Nicolas B},
    number = {7656},
    pages = {148--152},
    volume = {546},
    publisher = {Nature Publishing Group},
    url = {http://dx.doi.org/10.1038/nature22380%5Cnhttp://www.ncbi.nlm.nih.gov/pubmed/28538728},
    isbn = {0028-0836},
    doi = {10.1038/nature22380},
    issn = {1476-4687},
    pmid = {28538728}
}

@article{Hedges2006,
    title = {{TimeTree: a public knowledge-base of divergence times among organisms}},
    year = {2006},
    journal = {Bioinformatics},
    author = {Hedges, S. B. and Dudley, J. and Kumar, S.},
    number = {23},
    month = {12},
    pages = {2971--2972},
    volume = {22},
    publisher = {Narnia},
    url = {https://academic.oup.com/bioinformatics/article-lookup/doi/10.1093/bioinformatics/btl505},
    doi = {10.1093/bioinformatics/btl505},
    issn = {1367-4803}
}

@article{Crooijmans2000,
    title = {{Two-dimensional screening of the Wageningen chicken BAC library.}},
    year = {2000},
    journal = {Mammalian genome : official journal of the International Mammalian Genome Society},
    author = {Crooijmans, R P and Vrebalov, J and Dijkhof, R J and van der Poel, J J and Groenen, M A},
    number = {5},
    month = {5},
    pages = {360--3},
    volume = {11},
    url = {http://www.ncbi.nlm.nih.gov/pubmed/10790534},
    issn = {0938-8990},
    pmid = {10790534}
}

@article{Damas2017a,
    title = {{Upgrading short-read animal genome assemblies to chromosome level using comparative genomics and a universal probe set}},
    year = {2017},
    journal = {Genome Research},
    author = {Damas, Joana and O'Connor, Rebecca and Farr{\'{e}}, Marta and Lenis, Vasileios Panagiotis E. and Martell, Henry J. and Mandawala, Anjali and Fowler, Katie and Joseph, Sunitha and Swain, Martin T. and Griffin, Darren K. and Larkin, Denis M.},
    number = {5},
    month = {5},
    pages = {875--884},
    volume = {27},
    publisher = {Cold Spring Harbor Laboratory Press},
    doi = {10.1101/gr.213660.116},
    issn = {15495469}
}

@article{Howe2015,
    title = {{Using optical mapping data for the improvement of vertebrate genome assemblies}},
    year = {2015},
    journal = {GigaScience},
    author = {Howe, Kerstin and Wood, Jonathan MD},
    number = {1},
    pages = {10},
    volume = {4},
    url = {https://academic.oup.com/gigascience/article-lookup/doi/10.1186/s13742-015-0052-y},
    doi = {10.1186/s13742-015-0052-y},
    issn = {2047-217X},
    pmid = {25789164},
    keywords = {genome assembly, genome reference consortium, optical mapping, reference genomes, rmap}
}

@article{Kraus2012,
    title = {{Widespread horizontal genomic exchange does not erode species barriers among sympatric ducks}},
    year = {2012},
    journal = {BMC Evolutionary Biology},
    author = {Kraus, Robert H.S. and Kerstens, Hindrik H.D. and Van Hooft, Pim and Megens, Hendrik Jan and Elmberg, Johan and Tsvey, Arseny and Sartakov, Dmitry and Soloviev, Sergej A. and Crooijmans, Richard P.M.A. and Groenen, Martien A.M. and Ydenberg, Ronald C. and Prins, Herbert H.T.},
    number = {1},
    volume = {12},
    isbn = {1471-2148},
    doi = {10.1186/1471-2148-12-45},
    issn = {14712148},
    pmid = {22462721}
}